3970 5580
813 575 971 622 SUSANNA

302 755 349 819 At
367 748 468 817 vobis
487 749 645 817 humana
663 751 759 818 Deus
772 749 834 838 qui
853 748 995 839 respicit
1012 766 1100 828 acta,

303 917 556 1008 Opprobrium
574 917 650 985 sine
670 918 740 985 fine
760 917 858 985 dabit
875 917 1061 1006 luctusque
1079 939 1261 1007 perennes,
1280 941 1298 982 s

307 1087 376 1155 His
397 1087 505 1154 simul
523 1087 700 1154 inclamo:
721 1085 810 1153 mihi
833 1103 917 1154 tunc
934 1086 1119 1154 occludere
1137 1087 1256 1155 dextra

304 1256 380 1326 Ora
402 1255 549 1345 suisque
568 1277 666 1324 meas
682 1256 903 1324 contendunt
920 1254 1060 1323 vincere
1080 1276 1195 1328 voces.

305 1425 472 1493 Proxima
490 1424 617 1492 deinde
636 1423 732 1492 valer
748 1423 914 1496 Sedecias
931 1423 1020 1492 ostia
1037 1425 1141 1506 laxat,

304 1593 543 1662 Commentus
563 1615 626 1683 per
642 1615 733 1682 quae
751 1591 886 1679 fugisse
905 1591 1037 1659 feratur
1054 1590 1203 1658 adulter.

305 1763 429 1832 Cetera
448 1779 529 1829 nota
549 1760 613 1829 tibi
633 1787 640 1828 :
661 1784 732 1829 non
752 1761 814 1830 ulli
833 1760 986 1829 obnoxia
1003 1760 1126 1849 culpae

307 1928 424 1996 Vitam
447 1930 557 1998 animi
578 1931 690 1998 fidens
707 1929 892 1998 committo
909 1929 1046 2019 tibique
1068 1932 1259 2018 Dcoque.›

348 2097 409 2166 Nil
428 2099 608 2187 quaesitor
625 2099 667 2166 ad
688 2099 796 2166 haec:
819 2116 959 2167 tantum
976 2098 1137 2166 secedere
1158 2115 1263 2166 testes

306 2265 476 2354 imperat,
495 2265 640 2333 alterius
660 2289 703 2334 ne
722 2288 933 2355 responsum
954 2266 1073 2334 audiat
1093 2267 1179 2334 alter

305 2433 503 2504 Submotus
521 2433 657 2524 spati03
676 2434 758 2502 dein
781 2435 876 2503 hunc
893 2433 1081 2523 compellat
1098 2450 1131 2501 et
1148 2432 1248 2500 illum
1265 2457 1274 2515 3

305 2626 322 2668 ‹
340 2603 521 2671 Heleiadis
538 2603 683 2691 quando
702 2604 876 2693 deprensa
893 2603 960 2671 sub
977 2603 1102 2670 arbore
1118 2601 1241 2685 fertur,

305 2770 457 2840 Conscia
475 2793 566 2860 quae
584 2771 689 2840 luerit
706 2772 824 2861 profer
841 2771 929 2838 mihi
946 2771 1107 2840 criminis
1124 2772 1239 2840 arbos.
1257 2795 1275 2836 s

306 2939 401 3008 Huic
418 2963 456 3008 ea
475 2941 656 3024 lentiscus,
674 2958 816 3009 curvata
835 2941 917 3009 huic
935 2940 1128 3027 glandibus
1146 2939 1214 3007 ilex

303 3109 422 3177 Arbor
438 3127 525 3193 erat,
543 3109 711 3198 falsisque
727 3110 863 3177 addunt
881 3109 1036 3200 periuria
1055 3109 1184 3178 verbis.

301 3277 399 3344 Tum
418 3299 501 3346 vero
522 3294 665 3367 patuere
684 3278 779 3347 doli:
800 3278 1016 3346 clamoribus
1037 3296 1138 3368 urget

303 3445 348 3513 Et
365 3443 597 3514 fremebunda
615 3468 715 3513 senes
733 3446 836 3515 turba
852 3464 1051 3516 exsecratur
1067 3447 1222 3537 iniquos.

301 3618 349 3681 At
367 3613 447 3703 pius
465 3613 521 3680 his
538 3631 634 3681 vates
653 3637 714 3682 ora
734 3614 956 3706 indignantia
974 3617 1077 3684 solvit
1096 3641 1103 3684 :

303 3781 493 3850 «Artifices
508 3783 585 3851 tetri
605 3783 777 3851 scelerum
794 3784 964 3875 dignique
982 3785 1137 3875 profecto

304 3951 409 4039 Quos
428 3973 500 4020 non
520 3952 642 4034 lsrael,
661 3951 732 4022 iam
750 3954 890 4043 pridem
907 3955 1013 4023 electa
1036 3957 1227 4038 Dentrem,

303 4119 420 4209 Impia
440 4120 499 4188 sed
518 4121 637 4190 tulerit
654 4121 826 4192 Chanaan
846 4149 853 4190 :
874 4141 911 4192 ut
928 4123 1035 4191 ovilia
1052 4146 1162 4191 canus

302 4287 439 4357 Circuit
458 4306 531 4357 arte
548 4290 668 4379 lupus,
687 4291 863 4359 thalamos
879 4292 965 4358 dum
983 4291 1104 4360 fraude
1122 4293 1270 4382 pudicos

305 4457 429 4546 Usque
447 4457 631 4546 petebatis,
654 4481 715 4527 vos
733 4459 768 4526 in
787 4461 921 4528 cladem
939 4460 1081 4551 impulit
1101 4461 1193 4530 ultro

300 4628 493 4694 Annorum
510 4626 599 4694 serie
617 4627 703 4695 nihil
722 4645 899 4696 attenuata
916 4629 1038 4697 libido.
