3936 5578
717 605 821 648 lunas
846 604 1070 648 ttxcttnssAEL's

350 777 402 844 Te
419 794 541 860 testor,
559 799 662 844 casus
680 777 740 866 qui
756 799 813 845 me
833 776 1012 844 comitaris
1031 777 1067 844 in
1089 799 1229 860 omnes,

353 936 470 1019 Ensis,
489 937 672 1025 Apollonii
692 940 873 1027 quondam
895 955 1074 1028 gestamen
1090 937 1243 1019 ovantis,

352 1106 439 1173 lude
460 1128 583 1173 meum
608 1112 631 1184 ¹,
650 1105 773 1175 cecidit
794 1107 883 1173 fixus
901 1129 972 1195 quo
991 1124 1130 1195 pectora
1152 1105 1290 1176 Seron!

353 1276 427 1342 Nec
444 1276 551 1343 semel
571 1275 645 1364 ipse
665 1277 760 1343 Deus
780 1275 907 1343 vindex
925 1275 1089 1342 exsistere
1108 1275 1193 1365 legis

351 1443 558 1526 Constituit,
576 1444 770 1532 foedusque
793 1467 897 1512 ausos
914 1463 1085 1513 temerare
1103 1446 1315 1524 verendum,

351 1613 608 1702 Admissaeque
628 1613 695 1680 sibi
714 1615 929 1704 spondentes
951 1613 1107 1702 praemia
1127 1635 1236 1681 noxae

352 1782 434 1850 Non
454 1798 650 1870 exspectato
669 1782 840 1870 percussit
858 1781 1007 1849 fulmine
1025 1781 1130 1849 cives.

350 1953 445 2020 Tum
464 1950 527 2018 diti
548 1951 718 2040 spoliasse
736 1951 830 2042 piget
851 1951 997 2019 donaria
1018 1972 1124 2018 censu

352 2119 620 2206 Lysimachum,
640 2119 717 2187 telis
739 2119 832 2187 idem
851 2142 961 2208 quum
980 2119 1077 2186 mille
1099 2120 1228 2208 petitus

351 2288 451 2356 Mille
472 2305 551 2356 ante
571 2289 645 2379 ipsa
668 2290 758 2356 lacer
777 2288 926 2356 moritur
943 2289 1090 2358 donaria
1109 2288 1222 2379 plagis
1240 2297 1273 2377 ²3

352 2459 395 2526 Et
412 2480 508 2525 sacra
530 2479 600 2525 non
624 2458 725 2524 vellet
743 2457 910 2525 manibus
928 2474 1091 2525 tractasse
1113 2455 1283 2546 profanis,

351 2626 518 2696 Culmine
535 2649 648 2716 quum
667 2627 774 2694 turris
795 2649 961 2716 praeceps
979 2627 1166 2694 Menelaus
1181 2627 1225 2694 ab
1242 2627 1312 2694 alto

351 2795 526 2885 Congerie
546 2795 675 2863 cineris
693 2795 797 2884 periit
820 2795 944 2863 misere
962 2795 1112 2862 obrutus
1130 2813 1202 2863 atra
1225 2802 1248 2860 ⁴²¹.

351 2965 427 3032 Nec
447 2963 517 3030 iam
539 2964 688 3052 impune
709 2963 773 3031 fuit
790 2963 857 3032 diri
876 2963 1102 3034 Callisthenis
1120 2986 1261 3046 ausum,

350 3131 425 3221 Qui
444 3132 578 3200 facibus
596 3134 719 3222 templi
738 3155 922 3224 aggressus
941 3134 1151 3200 succendere
1171 3134 1288 3199 valvas

353 3302 494 3371 Ultores
512 3303 667 3369 animam
685 3319 822 3370 sontem
841 3301 1030 3391 exspiravit
1048 3301 1082 3369 in
1103 3301 1202 3392 ignes
1224 3309 1234 3345 ⁴
1253 3327 1262 3384 ς

353 3469 396 3537 Et
413 3487 518 3537 notus
536 3469 668 3558 patriae
686 3470 891 3561 longinquis
908 3469 1068 3560 proditor
1084 3469 1176 3538 arvis

352 3638 571 3727 lnlletusque
589 3638 664 3706 suis
682 3638 768 3706 iacet
786 3639 894 3727 inque
912 3640 1070 3727 sepultus
1093 3639 1196 3706 lason
1218 3646 1241 3705 ὅ.

352 3806 421 3878 Sed
444 3828 526 3874 nece
544 3829 727 3896 perversos
744 3807 837 3874 cives
858 3807 917 3895 qui
939 3807 1056 3896 plectit
1074 3807 1211 3890 acerba,

353 3978 435 4046 Non
455 3975 575 4043 minus
592 3993 777 4043 externum
799 3977 913 4042 laesus
933 3976 1087 4043 desaevit
1105 3975 1139 4043 in
1159 3976 1309 4043 hostem.

351 4151 406 4214 An
425 4145 590 4232 geminos
608 4167 801 4213 memorem
823 4145 1031 4228 Antiochos,
1054 4146 1233 4214 revolutus
1251 4151 1295 4212 ab
1313 4167 1375 4212 axe

352 4315 522 4403 Quorum
544 4315 629 4382 alter
647 4315 735 4382 solvi
754 4314 863 4382 sensit
883 4337 945 4382 sua
966 4316 1094 4382 viscera
1116 4316 1194 4382 tabe
1213 4321 1238 4396 ⁴¹,

415 4564 425 4596 ¹
449 4563 1202 4634 machab.l.3,12.-²11.442.-³11.13,u-
1240 4565 1251 4595 ⁴
1275 4565 1309 4617 ll.
1331 4565 1357 4630 8,
1381 4565 1423 4618 33,
1448 4597 1479 4603 --

307 4673 318 4703 ⁶
341 4671 376 4725 ll.
401 4673 426 4736 5,
449 4689 475 4742 9,
501 4687 540 4726 ro.
563 4670 618 4710 —⁸
643 4671 677 4724 ll.
700 4683 799 4742 9‚7et
814 4688 873 4741 seq.
