3972 5654
521 599 621 642 saiwi
648 599 793 642 ELtEZER
818 599 864 642 M)
889 599 1059 643 ABRAHAM
1087 599 1252 644 EPtSToLn
1420 599 1484 664 279

370 771 429 842 Sic
447 771 508 839 ubi
526 791 735 860 conceptum
758 789 809 838 est
826 769 963 854 foedus,
982 794 1207 861 sponsaeque
1226 771 1386 861 suisque,

414 940 517 1028 Quas
534 940 662 1028 cuique
682 941 827 1020 addixti,
848 940 988 1030 profcto
1008 963 1154 1022 munus,
1174 963 1274 1029 opes,

370 1114 454 1177 Arte
473 1108 640 1177 laboratis
662 1109 832 1177 intextum
853 1108 1010 1177 vestibus
1031 1132 1157 1177 aurum

417 1280 461 1346 Et
478 1278 608 1345 Pharia
629 1279 766 1345 arcanis
786 1301 908 1368 aspera
932 1300 1012 1344 vasa
1032 1278 1137 1345 notis.

369 1446 518 1537 Singula
537 1447 713 1515 mirantur
731 1444 833 1537 grati,
856 1446 1046 1536 digitisque
1066 1464 1266 1529 retractant,

416 1617 676 1706 Materiamque
695 1616 846 1706 probant
862 1617 1083 1705 artificesque
1100 1639 1240 1684 manus.

371 1786 459 1854 Pars
478 1786 593 1875 epuiis
611 1785 726 1876 prima
745 1805 796 1853 est
814 1785 926 1853 noctis
943 1788 1035 1868 data,
1055 1803 1169 1853 cetera
1189 1807 1316 1854 somno
1334 1810 1344 1866 ς

417 1954 530 2022 Efficit
546 1973 579 2022 at
597 1977 764 2022 somnum
784 1955 830 2022 mi
851 1977 942 2022 nova
959 1977 1042 2022 cura
1061 1956 1218 2023 brevem.

373 2125 466 2192 Luce
484 2143 559 2191 orta
576 2125 752 2212 compello
771 2142 919 2212 patrem,
939 2142 971 2190 et
988 2146 1071 2191 cum
1088 2124 1241 2214 coniuge
1260 2143 1359 2213 pacta

416 2293 475 2360 Me
492 2292 561 2359 cito
578 2292 730 2359 dimittat
748 2314 809 2381 per
827 2309 884 2358 tua
905 2309 982 2358 vota
1001 2313 1097 2381 rogo,

372 2462 434 2530 lile
452 2484 571 2529 moras
588 2462 716 2529 surdus
734 2461 863 2550 cupido
882 2461 1028 2529 molitur
1045 2462 1167 2542 eundi,

417 2633 515 2700 Neve
534 2631 638 2698 velim
657 2632 779 2697 suadet
797 2631 1028 2720 praecipitare
1045 2630 1180 2720 fugam.

371 2801 498 2868 Acrius
515 2819 548 2868 at
566 2800 729 2890 precibus
746 2799 897 2889 genitrix
914 2823 1059 2866 accensa
1078 2817 1264 2889 repugnat,

416 2970 491 3036 Nec
509 2989 639 3037 reserat
658 2970 779 3056 paucis
797 2991 857 3036 ora
876 2969 1006 3037 diserta
1025 2969 1134 3034 sonis.

373 3139 518 3206 Invocat
536 3159 568 3206 et
587 3161 703 3207 mores
722 3157 754 3206 et
772 3139 848 3207 iura
866 3157 997 3205 sacrata
1017 3157 1219 3228 parentum,

417 3309 560 3376 Festino
578 3307 729 3375 nimium
749 3329 839 3395 quae
858 3306 989 3375 violate
1008 3306 1119 3373 nefas.

373 3477 433 3544 Bis
450 3477 516 3545 sibi
536 3477 694 3566 quinque
713 3477 799 3565 petit
817 3475 970 3565 spatium
990 3477 1135 3542 solenne
1154 3475 1308 3554 dicrum,

414 3648 593 3736 Tempore
610 3669 682 3736 quo
698 3645 808 3714 discat
826 3665 921 3734 parte
939 3668 1055 3713 carere
1074 3645 1141 3713 sui.

371 3816 467 3884 Tum
488 3816 606 3884 Laban
627 3814 732 3882 frater
752 3841 758 3880 :
778 3813 912 3902 «Quid
931 3813 958 3881 si
978 3837 1078 3882 soror
1096 3813 1170 3904 ipsa
1190 3833 1333 3881 vocetur

415 3983 574 4052 Arbitrio
593 3983 690 4051 litent
708 3983 948 4072 compositura
966 4006 1031 4051 suo
1047 3985 1056 4049 i
1072 4009 1091 4046 ›>

374 4154 445 4220 Res
462 4153 595 4242 placet:
616 4152 725 4219 accitu
746 4173 862 4218 corant
882 4152 993 4217 adstat
1012 4169 1090 4218 nata
1110 4151 1280 4239 parentis,

416 4321 484 4390 Cui
504 4322 646 4389 senior:
668 4319 801 4408 «Quid
819 4343 900 4408 agas
919 4319 1047 4387 rectius
1066 4321 1141 4408 ipsa
1162 4319 1251 4386 vide.

372 4491 424 4558 Te
442 4490 591 4582 cupitin
611 4489 720 4557 soceri
740 4489 1005 4578 quamprimum
1025 4489 1200 4556 abducere
1219 4489 1337 4555 sedem

420 4661 584 4748 Hospes:
605 4681 646 4725 an
668 4659 855 4725 instantem
876 4680 976 4724 inens
994 4658 1055 4724 ttbi
1075 4675 1166 4724 certa
1183 4656 1281 4746 sequi
1297 4659 1304 4722 Ξ
1323 4685 1342 4720 ›>
