<?xml version="1.0" encoding="UTF-8"?>
<!DOCTYPE html PUBLIC "-//W3C//DTD XHTML 1.0 Transitional//EN"
    "http://www.w3.org/TR/xhtml1/DTD/xhtml1-transitional.dtd">
<html xmlns="http://www.w3.org/1999/xhtml" xml:lang="en" lang="en">
 <head>
  <title>
</title>
<meta http-equiv="Content-Type" content="text/html;charset=utf-8" />
  <meta name='ocr-system' content='tesseract 3.04.00' />
  <meta name='ocr-capabilities' content='ocr_page ocr_carea ocr_par ocr_line ocrx_word'/>
</head>
<body>
  <div class='ocr_page' id='page_1' title='image "./petriesseivacar00essegoog_0089.png"; bbox 0 0 3970 5580; ppageno 0'>
   <div class='ocr_carea' id='block_1_1' title="bbox 796 575 955 620">
    <p class='ocr_par' dir='ltr' id='par_1_1' title="bbox 796 575 955 620">
     <span class='ocr_line' id='line_1_1' title="bbox 796 575 955 620; baseline -0.013 0"><span class='ocrx_word' id='word_1_1' title='bbox 796 575 955 620; x_wconf 74' lang='lat' dir='ltr'><strong>SUSANNA</strong></span> 
     </span>
    </p>
   </div>
   <div class='ocr_carea' id='block_1_2' title="bbox 287 747 1413 1681">
    <p class='ocr_par' dir='ltr' id='par_1_2' title="bbox 289 747 1185 831">
     <span class='ocr_line' id='line_1_2' title="bbox 289 747 1185 831; baseline -0.006 -13"><span class='ocrx_word' id='word_1_2' title='bbox 289 753 386 818; x_wconf 89' lang='lat' dir='ltr'>Haec</span> <span class='ocrx_word' id='word_1_3' title='bbox 404 751 479 817; x_wconf 89' lang='lat' dir='ltr'>loca</span> <span class='ocrx_word' id='word_1_4' title='bbox 497 748 652 831; x_wconf 82' lang='lat' dir='ltr'>iudiciis,</span> <span class='ocrx_word' id='word_1_5' title='bbox 672 748 760 816; x_wconf 85' lang='lat' dir='ltr'>ittud</span> <span class='ocrx_word' id='word_1_6' title='bbox 778 748 965 816; x_wconf 84' lang='lat' dir='ltr'>redeamus</span> <span class='ocrx_word' id='word_1_7' title='bbox 986 747 1021 815; x_wconf 91' lang='lat' dir='ltr'>in</span> <span class='ocrx_word' id='word_1_8' title='bbox 1044 769 1185 828; x_wconf 75' lang='lat' dir='ltr'>arvum,</span> 
     </span>
    </p>

    <p class='ocr_par' dir='ltr' id='par_1_3' title="bbox 287 902 1240 1176">
     <span class='ocr_line' id='line_1_3' title="bbox 287 902 1240 987; baseline -0.005 -1"><span class='ocrx_word' id='word_1_9' title='bbox 287 918 416 987; x_wconf 86' lang='lat' dir='ltr'>Tristis</span> <span class='ocrx_word' id='word_1_10' title='bbox 434 918 496 986; x_wconf 91' lang='lat' dir='ltr'>ubi</span> <span class='ocrx_word' id='word_1_11' title='bbox 516 918 622 985; x_wconf 92' lang='lat' dir='ltr'>modo</span> <span class='ocrx_word' id='word_1_12' title='bbox 643 939 714 985; x_wconf 94' lang='lat' dir='ltr'>non</span> <span class='ocrx_word' id='word_1_13' title='bbox 734 902 845 985; x_wconf 88' lang='lat' dir='ltr'>cautis</span> <span class='ocrx_word' id='word_1_14' title='bbox 866 916 1037 984; x_wconf 90' lang='lat' dir='ltr'>sententia</span> <span class='ocrx_word' id='word_1_15' title='bbox 1058 915 1124 982; x_wconf 85' lang='lat' dir='ltr'>lata</span> <span class='ocrx_word' id='word_1_16' title='bbox 1143 933 1240 982; x_wconf 80' lang='lat' dir='ltr'>est.»</span> 
     </span>
     <span class='ocr_line' id='line_1_4' title="bbox 289 1085 1151 1176; baseline -0.003 -22"><span class='ocrx_word' id='word_1_17' title='bbox 289 1087 448 1176; x_wconf 88' lang='lat' dir='ltr'>Imperio</span> <span class='ocrx_word' id='word_1_18' title='bbox 466 1104 605 1176; x_wconf 76' lang='lat' dir='ltr'>parent,</span> <span class='ocrx_word' id='word_1_19' title='bbox 623 1108 686 1153; x_wconf 90' lang='lat' dir='ltr'>nec</span> <span class='ocrx_word' id='word_1_20' title='bbox 704 1104 821 1153; x_wconf 90' lang='lat' dir='ltr'>tutum</span> <span class='ocrx_word' id='word_1_21' title='bbox 842 1085 1011 1152; x_wconf 90' lang='lat' dir='ltr'>obsistere</span> <span class='ocrx_word' id='word_1_22' title='bbox 1028 1101 1151 1152; x_wconf 85' lang='lat' dir='ltr'>contra</span> 
     </span>
    </p>

    <p class='ocr_par' dir='ltr' id='par_1_4' title="bbox 290 1254 1185 1343">
     <span class='ocr_line' id='line_1_5' title="bbox 290 1254 1185 1343; baseline -0.004 -21"><span class='ocrx_word' id='word_1_23' title='bbox 290 1254 474 1322; x_wconf 87' lang='lat' dir='ltr'>lodicibus</span> <span class='ocrx_word' id='word_1_24' title='bbox 492 1254 610 1322; x_wconf 91' lang='lat' dir='ltr'>visum</span> <span class='ocrx_word' id='word_1_25' title='bbox 627 1271 679 1322; x_wconf 89' lang='lat' dir='ltr'>est</span> <span class='ocrx_word' id='word_1_26' title='bbox 697 1254 806 1343; x_wconf 90' lang='lat' dir='ltr'>ipsis:</span> <span class='ocrx_word' id='word_1_27' title='bbox 827 1270 974 1321; x_wconf 92' lang='lat' dir='ltr'>ventura</span> <span class='ocrx_word' id='word_1_28' title='bbox 995 1269 1185 1321; x_wconf 88' lang='lat' dir='ltr'>trementes</span> 
     </span>
    </p>

    <p class='ocr_par' dir='ltr' id='par_1_5' title="bbox 288 1423 1413 1681">
     <span class='ocr_line' id='line_1_6' title="bbox 289 1423 1159 1512; baseline -0.002 -22"><span class='ocrx_word' id='word_1_29' title='bbox 289 1423 452 1491; x_wconf 89' lang='lat' dir='ltr'>Poenitet</span> <span class='ocrx_word' id='word_1_30' title='bbox 469 1423 598 1512; x_wconf 88' lang='lat' dir='ltr'>incepti</span> <span class='ocrx_word' id='word_1_31' title='bbox 617 1447 627 1512; x_wconf 84' lang='lat'>3</span> <span class='ocrx_word' id='word_1_32' title='bbox 647 1423 701 1490; x_wconf 88' lang='lat' dir='ltr'>via</span> <span class='ocrx_word' id='word_1_33' title='bbox 720 1423 779 1490; x_wconf 92' lang='lat' dir='ltr'>sed</span> <span class='ocrx_word' id='word_1_34' title='bbox 799 1424 979 1511; x_wconf 88' lang='lat' dir='ltr'>praeclusa</span> <span class='ocrx_word' id='word_1_35' title='bbox 999 1444 1159 1512; x_wconf 84' lang='lat' dir='ltr'>regressu</span> 
     </span>
     <span class='ocr_line' id='line_1_7' title="bbox 288 1591 1413 1681; baseline -0.001 -22"><span class='ocrx_word' id='word_1_36' title='bbox 288 1591 599 1681; x_wconf 83' lang='lat' dir='ltr'>Quandoquidem</span> <span class='ocrx_word' id='word_1_37' title='bbox 617 1609 681 1674; x_wconf 72' lang='lat' dir='ltr'>est,</span> <span class='ocrx_word' id='word_1_38' title='bbox 701 1614 772 1680; x_wconf 91' lang='lat' dir='ltr'>quo</span> <span class='ocrx_word' id='word_1_39' title='bbox 790 1591 858 1658; x_wconf 85' lang='lat' dir='ltr'>fata</span> <span class='ocrx_word' id='word_1_40' title='bbox 876 1592 1020 1659; x_wconf 85' lang='lat' dir='ltr'>trahunt</span> <span class='ocrx_word' id='word_1_41' title='bbox 1036 1591 1180 1658; x_wconf 88' lang='lat' dir='ltr'>inimica</span> <span class='ocrx_word' id='word_1_42' title='bbox 1201 1610 1413 1680; x_wconf 89' lang='lat' dir='ltr'>sequuntur.</span> 
     </span>
    </p>
   </div>
   <div class='ocr_carea' id='block_1_3' title="bbox 333 1759 1184 1850">
    <p class='ocr_par' dir='ltr' id='par_1_6' title="bbox 333 1759 1184 1850">
     <span class='ocr_line' id='line_1_8' title="bbox 333 1759 1184 1850; baseline -0.004 -21"><span class='ocrx_word' id='word_1_43' title='bbox 333 1760 535 1850; x_wconf 90' lang='lat' dir='ltr'>Suspensos</span> <span class='ocrx_word' id='word_1_44' title='bbox 552 1760 682 1827; x_wconf 89' lang='lat' dir='ltr'>animis</span> <span class='ocrx_word' id='word_1_45' title='bbox 701 1760 798 1849; x_wconf 91' lang='lat' dir='ltr'>prior</span> <span class='ocrx_word' id='word_1_46' title='bbox 816 1778 854 1826; x_wconf 92' lang='lat' dir='ltr'>ut</span> <span class='ocrx_word' id='word_1_47' title='bbox 870 1761 963 1849; x_wconf 89' lang='lat' dir='ltr'>capit</span> <span class='ocrx_word' id='word_1_48' title='bbox 979 1781 1059 1827; x_wconf 89' lang='lat' dir='ltr'>area</span> <span class='ocrx_word' id='word_1_49' title='bbox 1077 1759 1184 1840; x_wconf 66' lang='lat' dir='ltr'>cives</span> 
     </span>
    </p>
   </div>
   <div class='ocr_carea' id='block_1_4' title="bbox 288 1927 1143 2018">
    <p class='ocr_par' dir='ltr' id='par_1_7' title="bbox 288 1927 1143 2018">
     <span class='ocr_line' id='line_1_9' title="bbox 288 1927 1143 2018; baseline -0.002 -22"><span class='ocrx_word' id='word_1_50' title='bbox 288 1929 506 1997; x_wconf 85' lang='lat' dir='ltr'>Consessum</span> <span class='ocrx_word' id='word_1_51' title='bbox 524 1951 542 1995; x_wconf 90' lang='lat' dir='ltr'>e</span> <span class='ocrx_word' id='word_1_52' title='bbox 560 1929 649 1996; x_wconf 90' lang='lat' dir='ltr'>solio</span> <span class='ocrx_word' id='word_1_53' title='bbox 666 1929 846 2018; x_wconf 86' lang='lat' dir='ltr'>quaesitor</span> <span class='ocrx_word' id='word_1_54' title='bbox 864 1927 1032 2018; x_wconf 85' lang='lat' dir='ltr'>prospicit</span> <span class='ocrx_word' id='word_1_55' title='bbox 1049 1929 1119 1995; x_wconf 92' lang='lat' dir='ltr'>alto</span> <span class='ocrx_word' id='word_1_56' title='bbox 1134 1953 1143 2008; x_wconf 73' lang='grc' dir='ltr'><strong>ς</strong></span> 
     </span>
    </p>
   </div>
   <div class='ocr_carea' id='block_1_5' title="bbox 290 2097 1320 4544">
    <p class='ocr_par' dir='ltr' id='par_1_8' title="bbox 291 2097 1175 2355">
     <span class='ocr_line' id='line_1_10' title="bbox 291 2097 1175 2187; baseline 0 -23"><span class='ocrx_word' id='word_1_57' title='bbox 291 2097 380 2164; x_wconf 88' lang='lat' dir='ltr'>Dein</span> <span class='ocrx_word' id='word_1_58' title='bbox 399 2097 543 2187; x_wconf 87' lang='lat' dir='ltr'>gemino</span> <span class='ocrx_word' id='word_1_59' title='bbox 563 2097 640 2165; x_wconf 89' lang='lat' dir='ltr'>testi</span> <span class='ocrx_word' id='word_1_60' title='bbox 659 2119 750 2187; x_wconf 89' lang='lat' dir='ltr'>quae</span> <span class='ocrx_word' id='word_1_61' title='bbox 768 2097 894 2165; x_wconf 89' lang='lat' dir='ltr'>viderit</span> <span class='ocrx_word' id='word_1_62' title='bbox 912 2097 1036 2164; x_wconf 86' lang='lat' dir='ltr'>ordine</span> <span class='ocrx_word' id='word_1_63' title='bbox 1055 2113 1175 2165; x_wconf 87' lang='lat' dir='ltr'>narret</span> 
     </span>
     <span class='ocr_line' id='line_1_11' title="bbox 292 2265 1175 2355; baseline 0 -23"><span class='ocrx_word' id='word_1_64' title='bbox 292 2265 524 2354; x_wconf 89' lang='lat' dir='ltr'>Praecipitur.</span> <span class='ocrx_word' id='word_1_65' title='bbox 544 2266 669 2334; x_wconf 82' lang='lat' dir='ltr'>Prodit</span> <span class='ocrx_word' id='word_1_66' title='bbox 686 2267 837 2355; x_wconf 85' lang='lat' dir='ltr'>fictoque</span> <span class='ocrx_word' id='word_1_67' title='bbox 855 2265 901 2332; x_wconf 92' lang='lat' dir='ltr'>ita</span> <span class='ocrx_word' id='word_1_68' title='bbox 918 2283 1057 2355; x_wconf 89' lang='lat' dir='ltr'>pectore</span> <span class='ocrx_word' id='word_1_69' title='bbox 1074 2265 1175 2333; x_wconf 90' lang='lat' dir='ltr'>dirus</span> 
     </span>
    </p>

    <p class='ocr_par' dir='ltr' id='par_1_9' title="bbox 290 2433 1255 2861">
     <span class='ocr_line' id='line_1_12' title="bbox 291 2433 1255 2523; baseline 0.001 -23"><span class='ocrx_word' id='word_1_70' title='bbox 291 2434 372 2500; x_wconf 85' lang='lat' dir='ltr'>Infit</span> <span class='ocrx_word' id='word_1_71' title='bbox 390 2434 527 2518; x_wconf 75' lang='lat' dir='ltr'>Achab,</span> <span class='ocrx_word' id='word_1_72' title='bbox 545 2452 677 2503; x_wconf 87' lang='lat' dir='ltr'>terrore</span> <span class='ocrx_word' id='word_1_73' title='bbox 698 2434 839 2501; x_wconf 88' lang='lat' dir='ltr'>animos</span> <span class='ocrx_word' id='word_1_74' title='bbox 856 2436 944 2502; x_wconf 90' lang='lat' dir='ltr'>dum</span> <span class='ocrx_word' id='word_1_75' title='bbox 962 2433 1072 2502; x_wconf 90' lang='lat' dir='ltr'>sumit</span> <span class='ocrx_word' id='word_1_76' title='bbox 1090 2434 1134 2500; x_wconf 90' lang='lat' dir='ltr'>ab</span> <span class='ocrx_word' id='word_1_77' title='bbox 1152 2433 1230 2523; x_wconf 90' lang='lat' dir='ltr'>ipso</span> <span class='ocrx_word' id='word_1_78' title='bbox 1249 2461 1255 2501; x_wconf 79' lang='grc' dir='ltr'>ε</span> 
     </span>
     <span class='ocr_line' id='line_1_13' title="bbox 290 2603 1215 2686; baseline 0.002 -19"><span class='ocrx_word' id='word_1_79' title='bbox 290 2627 308 2667; x_wconf 76' lang='lat' dir='ltr'>c</span> <span class='ocrx_word' id='word_1_80' title='bbox 328 2603 528 2670; x_wconf 89' lang='lat' dir='ltr'>Hesternus</span> <span class='ocrx_word' id='word_1_81' title='bbox 543 2603 703 2671; x_wconf 91' lang='lat' dir='ltr'>medium</span> <span class='ocrx_word' id='word_1_82' title='bbox 721 2603 807 2670; x_wconf 84' lang='lat' dir='ltr'>coeii</span> <span class='ocrx_word' id='word_1_83' title='bbox 826 2603 877 2670; x_wconf 87' lang='lat' dir='ltr'>sol</span> <span class='ocrx_word' id='word_1_84' title='bbox 897 2603 1061 2670; x_wconf 81' lang='lat' dir='ltr'>hauserat</span> <span class='ocrx_word' id='word_1_85' title='bbox 1077 2603 1215 2686; x_wconf 74' lang='lat' dir='ltr'>orbem,</span> 
     </span>
     <span class='ocr_line' id='line_1_14' title="bbox 291 2770 1081 2861; baseline 0 -22"><span class='ocrx_word' id='word_1_86' title='bbox 291 2770 452 2839; x_wconf 87' lang='lat' dir='ltr'>Cesserat</span> <span class='ocrx_word' id='word_1_87' title='bbox 469 2789 502 2838; x_wconf 94' lang='lat' dir='ltr'>et</span> <span class='ocrx_word' id='word_1_88' title='bbox 518 2788 618 2839; x_wconf 91' lang='lat' dir='ltr'>coetu</span> <span class='ocrx_word' id='word_1_89' title='bbox 635 2771 818 2861; x_wconf 90' lang='lat' dir='ltr'>popularis</span> <span class='ocrx_word' id='word_1_90' title='bbox 835 2772 938 2839; x_wconf 90' lang='lat' dir='ltr'>turba</span> <span class='ocrx_word' id='word_1_91' title='bbox 955 2772 1081 2840; x_wconf 82' lang='lat' dir='ltr'>soluto,</span> 
     </span>
    </p>

    <p class='ocr_par' dir='ltr' id='par_1_10' title="bbox 291 2938 1281 3535">
     <span class='ocr_line' id='line_1_15' title="bbox 292 2938 1164 3030; baseline 0.001 -24"><span class='ocrx_word' id='word_1_92' title='bbox 292 2938 350 3006; x_wconf 89' lang='lat' dir='ltr'>Me</span> <span class='ocrx_word' id='word_1_93' title='bbox 367 2955 486 3006; x_wconf 91' lang='lat' dir='ltr'>tamen</span> <span class='ocrx_word' id='word_1_94' title='bbox 505 2955 539 3006; x_wconf 91' lang='lat' dir='ltr'>et</span> <span class='ocrx_word' id='word_1_95' title='bbox 555 2939 692 3007; x_wconf 90' lang='lat' dir='ltr'>socium</span> <span class='ocrx_word' id='word_1_96' title='bbox 711 2957 872 3030; x_wconf 90' lang='lat' dir='ltr'>suscepta</span> <span class='ocrx_word' id='word_1_97' title='bbox 890 2939 1034 3026; x_wconf 80' lang='lat' dir='ltr'>negotia</span> <span class='ocrx_word' id='word_1_98' title='bbox 1052 2941 1164 3009; x_wconf 88' lang='lat' dir='ltr'>fidum</span> 
     </span>
     <span class='ocr_line' id='line_1_16' title="bbox 292 3107 1121 3198; baseline 0.001 -23"><span class='ocrx_word' id='word_1_99' title='bbox 292 3107 495 3176; x_wconf 88' lang='lat' dir='ltr'>Detinuere.</span> <span class='ocrx_word' id='word_1_100' title='bbox 517 3107 621 3176; x_wconf 91' lang='lat' dir='ltr'>Horti</span> <span class='ocrx_word' id='word_1_101' title='bbox 640 3125 771 3176; x_wconf 86' lang='lat' dir='ltr'>secreta</span> <span class='ocrx_word' id='word_1_102' title='bbox 791 3107 825 3175; x_wconf 86' lang='lat' dir='ltr'>in</span> <span class='ocrx_word' id='word_1_103' title='bbox 845 3126 942 3198; x_wconf 86' lang='lat' dir='ltr'>parte</span> <span class='ocrx_word' id='word_1_104' title='bbox 960 3110 1121 3177; x_wconf 88' lang='lat' dir='ltr'>sedentes</span> 
     </span>
     <span class='ocr_line' id='line_1_17' title="bbox 291 3275 1281 3366; baseline 0.001 -22"><span class='ocrx_word' id='word_1_105' title='bbox 291 3275 482 3364; x_wconf 80' lang='lat' dir='ltr'>Colloquio</span> <span class='ocrx_word' id='word_1_106' title='bbox 499 3275 675 3344; x_wconf 84' lang='lat' dir='ltr'>fruimur:</span> <span class='ocrx_word' id='word_1_107' title='bbox 695 3276 855 3343; x_wconf 90' lang='lat' dir='ltr'>studium</span> <span class='ocrx_word' id='word_1_108' title='bbox 873 3295 924 3344; x_wconf 90' lang='lat' dir='ltr'>est</span> <span class='ocrx_word' id='word_1_109' title='bbox 939 3279 1138 3366; x_wconf 88' lang='lat' dir='ltr'>expendere</span> <span class='ocrx_word' id='word_1_110' title='bbox 1158 3300 1281 3346; x_wconf 85' lang='lat' dir='ltr'>causas</span> 
     </span>
     <span class='ocr_line' id='line_1_18' title="bbox 293 3443 1213 3535; baseline 0.002 -23"><span class='ocrx_word' id='word_1_111' title='bbox 293 3445 374 3512; x_wconf 92' lang='lat' dir='ltr'>Non</span> <span class='ocrx_word' id='word_1_112' title='bbox 394 3443 478 3511; x_wconf 90' lang='lat' dir='ltr'>satis</span> <span class='ocrx_word' id='word_1_113' title='bbox 493 3461 629 3512; x_wconf 84' lang='lat' dir='ltr'>exactas</span> <span class='ocrx_word' id='word_1_114' title='bbox 647 3445 840 3534; x_wconf 89' lang='lat' dir='ltr'>lumenque</span> <span class='ocrx_word' id='word_1_115' title='bbox 860 3467 981 3535; x_wconf 85' lang='lat' dir='ltr'>rogare</span> <span class='ocrx_word' id='word_1_116' title='bbox 1002 3468 1213 3535; x_wconf 74' lang='lat' dir='ltr'>supernum,</span> 
     </span>
    </p>

    <p class='ocr_par' dir='ltr' id='par_1_11' title="bbox 294 3611 1165 3682">
     <span class='ocr_line' id='line_1_19' title="bbox 294 3611 1165 3682; baseline 0 -2"><span class='ocrx_word' id='word_1_117' title='bbox 294 3613 325 3680; x_wconf 92' lang='lat' dir='ltr'>N</span> <span class='ocrx_word' id='word_1_118' title='bbox 331 3635 348 3678; x_wconf 90' lang='lat' dir='ltr'>e</span> <span class='ocrx_word' id='word_1_119' title='bbox 368 3612 484 3679; x_wconf 86' lang='lat' dir='ltr'>malus</span> <span class='ocrx_word' id='word_1_120' title='bbox 500 3611 629 3680; x_wconf 87' lang='lat' dir='ltr'>officiat</span> <span class='ocrx_word' id='word_1_121' title='bbox 645 3631 779 3679; x_wconf 92' lang='lat' dir='ltr'>rectum</span> <span class='ocrx_word' id='word_1_122' title='bbox 799 3613 1037 3681; x_wconf 85' lang='lat' dir='ltr'>scrutantibus</span> <span class='ocrx_word' id='word_1_123' title='bbox 1055 3637 1165 3682; x_wconf 90' lang='lat' dir='ltr'>error.</span> 
     </span>
    </p>

    <p class='ocr_par' dir='ltr' id='par_1_12' title="bbox 292 3780 1212 4020">
     <span class='ocr_line' id='line_1_20' title="bbox 292 3780 1212 3864; baseline 0.003 -17"><span class='ocrx_word' id='word_1_124' title='bbox 292 3781 389 3848; x_wconf 88' lang='lat' dir='ltr'>Tum</span> <span class='ocrx_word' id='word_1_125' title='bbox 407 3801 574 3864; x_wconf 78' lang='lat' dir='ltr'>notares</span> <span class='ocrx_word' id='word_1_126' title='bbox 593 3780 696 3847; x_wconf 88' lang='lat' dir='ltr'>nobis</span> <span class='ocrx_word' id='word_1_127' title='bbox 714 3797 872 3848; x_wconf 87' lang='lat' dir='ltr'>mentem</span> <span class='ocrx_word' id='word_1_128' title='bbox 889 3782 1061 3850; x_wconf 92' lang='lat' dir='ltr'>convertit</span> <span class='ocrx_word' id='word_1_129' title='bbox 1077 3800 1112 3849; x_wconf 90' lang='lat' dir='ltr'>et</span> <span class='ocrx_word' id='word_1_130' title='bbox 1128 3805 1189 3851; x_wconf 92' lang='lat' dir='ltr'>ora</span> <span class='ocrx_word' id='word_1_131' title='bbox 1206 3810 1212 3850; x_wconf 95' lang='lat'>:</span> 
     </span>
     <span class='ocr_line' id='line_1_21' title="bbox 294 3948 1081 4020; baseline 0.005 -5"><span class='ocrx_word' id='word_1_132' title='bbox 294 3948 484 4016; x_wconf 82' lang='lat' dir='ltr'>Praeterito</span> <span class='ocrx_word' id='word_1_133' title='bbox 501 3948 626 4016; x_wconf 85' lang='lat' dir='ltr'>faciem</span> <span class='ocrx_word' id='word_1_134' title='bbox 646 3948 785 4017; x_wconf 86' lang='lat' dir='ltr'>iuvenis</span> <span class='ocrx_word' id='word_1_135' title='bbox 802 3950 934 4017; x_wconf 89' lang='lat' dir='ltr'>celatus</span> <span class='ocrx_word' id='word_1_136' title='bbox 951 3951 1081 4020; x_wconf 90' lang='lat' dir='ltr'>amictu</span> 
     </span>
    </p>

    <p class='ocr_par' dir='ltr' id='par_1_13' title="bbox 294 4116 1113 4204">
     <span class='ocr_line' id='line_1_22' title="bbox 294 4116 1113 4204; baseline 0.001 -18"><span class='ocrx_word' id='word_1_137' title='bbox 294 4116 460 4187; x_wconf 87' lang='lat' dir='ltr'>Succedit</span> <span class='ocrx_word' id='word_1_138' title='bbox 479 4117 617 4184; x_wconf 90' lang='lat' dir='ltr'>nemori</span> <span class='ocrx_word' id='word_1_139' title='bbox 635 4139 644 4204; x_wconf 84' lang='lat'><em>3</em></span> <span class='ocrx_word' id='word_1_140' title='bbox 667 4117 802 4185; x_wconf 90' lang='lat' dir='ltr'>nemori</span> <span class='ocrx_word' id='word_1_141' title='bbox 823 4119 976 4187; x_wconf 89' lang='lat' dir='ltr'>succedit</span> <span class='ocrx_word' id='word_1_142' title='bbox 993 4137 1026 4187; x_wconf 90' lang='lat' dir='ltr'>et</span> <span class='ocrx_word' id='word_1_143' title='bbox 1044 4143 1113 4187; x_wconf 86' lang='lat' dir='ltr'>unu</span> 
     </span>
    </p>

    <p class='ocr_par' dir='ltr' id='par_1_14' title="bbox 294 4285 1320 4544">
     <span class='ocr_line' id='line_1_23' title="bbox 294 4285 1320 4375; baseline 0.004 -22"><span class='ocrx_word' id='word_1_144' title='bbox 294 4291 395 4354; x_wconf 89' lang='lat' dir='ltr'>Parte</span> <span class='ocrx_word' id='word_1_145' title='bbox 415 4285 483 4352; x_wconf 88' lang='lat' dir='ltr'>alia</span> <span class='ocrx_word' id='word_1_146' title='bbox 501 4285 684 4353; x_wconf 84' lang='lat' dir='ltr'>Heleiadis</span> <span class='ocrx_word' id='word_1_147' title='bbox 700 4311 708 4352; x_wconf 75' lang='grc' dir='ltr'>ε</span> <span class='ocrx_word' id='word_1_148' title='bbox 727 4305 804 4353; x_wconf 90' lang='lat' dir='ltr'>tum</span> <span class='ocrx_word' id='word_1_149' title='bbox 823 4309 912 4375; x_wconf 88' lang='lat' dir='ltr'>quae</span> <span class='ocrx_word' id='word_1_150' title='bbox 930 4290 1142 4356; x_wconf 90' lang='lat' dir='ltr'>comitantur</span> <span class='ocrx_word' id='word_1_151' title='bbox 1162 4306 1320 4374; x_wconf 79' lang='lat' dir='ltr'>euntem,</span> 
     </span>
     <span class='ocr_line' id='line_1_24' title="bbox 296 4453 1172 4544; baseline 0.002 -21"><span class='ocrx_word' id='word_1_152' title='bbox 296 4455 450 4523; x_wconf 90' lang='lat' dir='ltr'>Dimittit</span> <span class='ocrx_word' id='word_1_153' title='bbox 469 4454 633 4537; x_wconf 74' lang='lat' dir='ltr'>famulas,</span> <span class='ocrx_word' id='word_1_154' title='bbox 652 4453 843 4544; x_wconf 89' lang='lat' dir='ltr'>dumisque</span> <span class='ocrx_word' id='word_1_155' title='bbox 862 4456 998 4524; x_wconf 89' lang='lat' dir='ltr'>obtecta</span> <span class='ocrx_word' id='word_1_156' title='bbox 1019 4458 1172 4541; x_wconf 79' lang='lat' dir='ltr'>recedit3</span> 
     </span>
    </p>
   </div>
   <div class='ocr_carea' id='block_1_6' title="bbox 295 4622 1308 4783">
    <p class='ocr_par' dir='ltr' id='par_1_15' title="bbox 295 4622 1308 4783">
     <span class='ocr_line' id='line_1_25' title="bbox 295 4622 1241 4714; baseline 0.002 -20"><span class='ocrx_word' id='word_1_157' title='bbox 295 4624 364 4695; x_wconf 87' lang='lat' dir='ltr'>Sed</span> <span class='ocrx_word' id='word_1_158' title='bbox 383 4623 511 4691; x_wconf 90' lang='lat' dir='ltr'>timido</span> <span class='ocrx_word' id='word_1_159' title='bbox 536 4639 617 4689; x_wconf 85' lang='lat' dir='ltr'>ante</span> <span class='ocrx_word' id='word_1_160' title='bbox 641 4622 735 4689; x_wconf 90' lang='lat' dir='ltr'>locos</span> <span class='ocrx_word' id='word_1_161' title='bbox 751 4623 992 4714; x_wconf 89' lang='lat' dir='ltr'>circumspicit</span> <span class='ocrx_word' id='word_1_162' title='bbox 1008 4627 1110 4694; x_wconf 82' lang='lat' dir='ltr'>anxia</span> <span class='ocrx_word' id='word_1_163' title='bbox 1131 4629 1241 4696; x_wconf 87' lang='lat' dir='ltr'>vultu.</span> 
     </span>
     <span class='ocr_line' id='line_1_26' title="bbox 1294 4734 1308 4783; baseline 0 0"><span class='ocrx_word' id='word_1_164' title='bbox 1294 4734 1308 4783; x_wconf 88' lang='grc'><strong>5</strong></span> 
     </span>
    </p>
   </div>
   <div class='ocr_carea' id='block_1_7' title="bbox 0 0 1999 5580">
    <p class='ocr_par' dir='ltr' id='par_1_16' title="bbox 0 0 1999 5580">
     <span class='ocr_line' id='line_1_27' title="bbox 0 0 1999 5580; baseline 0 0"><span class='ocrx_word' id='word_1_165' title='bbox 0 0 1999 5580; x_wconf 95' lang='lat' dir='ltr'> </span> 
     </span>
    </p>
   </div>
  </div>
 </body>
</html>
