3970 5580
602 613 779 659 Aramaua
795 613 965 658 SERVlTUS
985 612 1169 658 ABOLENDA

295 789 544 872 Conveniunt,
562 788 739 877 alacrique
758 787 894 878 replent
910 786 1071 854 examine
1089 801 1222 876 portus.

342 957 377 1028 Ο
396 957 481 1026 milri
501 957 718 1048 praeclaram
738 956 771 1023 ni
794 955 971 1023 desidiosa
988 971 1149 1022 senectus

298 1126 458 1194 invideat
477 1127 632 1208 laudem,
651 1124 785 1215 coeptis
802 1126 889 1192 dum
907 1123 1058 1192 sortibus
1079 1123 1206 1204 obstat,

297 1295 420 1384 Quam
441 1295 547 1362 libeat
564 1294 667 1361 vestri
687 1315 767 1383 pars
787 1314 1033 1383 quaecumque
1051 1313 1125 1359 esse
1145 1291 1289 1372 laboris,

300 1462 423 1531 lnvicti
442 1463 601 1545 iuvenes,
619 1461 716 1530 orbis
734 1484 824 1550 quos
842 1480 920 1528 vota
939 1465 1159 1551 sequuntur!

297 1637 450 1700 „lversus
471 1654 540 1720 qua
560 1648 732 1698 monstrat
750 1630 814 1698 iter
830 1652 894 1720 per
909 1630 1048 1699 caerula
1065 1651 1227 1719 magnes,

300 1799 349 1867 lte
368 1799 472 1866 bonis
489 1799 628 1882 avibus,
647 1801 744 1867 coelo
761 1799 960 1890 gratissima
980 1799 1107 1889 pubes,

300 1967 484 2036 Fratribus
502 1967 673 2035 auxilium
694 1967 817 2058 nigris,
839 1967 983 2036 infanda
1004 1967 1133 2036 furenti

297 2135 444 2204 Cladem
465 2134 575 2203 Arabi
596 2135 774 2225 laetosque
792 2135 885 2204 cruci
904 2138 1060 2226 paritura
1078 2135 1294 2225 triumphos.

300 2303 370 2369 Vos
387 2325 529 2392 quoque
551 2325 645 2371 nnnc
663 2306 809 2372 tandem
827 2305 944 2372 valido
961 2305 1134 2373 tutamine
1152 2305 1228 2373 freti

299 2471 351 2537 lte
369 2472 580 2556 sacerdotes
600 2494 751 2561 superus
768 2496 858 2562 quos
876 2473 967 2564 ignis
984 2474 1113 2557 adurit,

300 2641 440 2730 Perque
462 2641 582 2731 plagas
602 2642 735 2732 Libyae
751 2641 863 2709 divini
882 2642 1018 2710 semina
1037 2643 1133 2710 verbi

299 2809 465 2900 Spargite
483 2808 601 2877 felices
618 2832 783 2900 operum,
801 2811 1017 2901 lymphaque
1036 2812 1181 2894 salubri,

299 2980 332 3045 Τ
335 2999 460 3046 eruum
480 3001 664 3068 unumque
683 2978 788 3046 simul
808 3003 941 3047 numen
964 2981 1080 3048 valido
1096 3003 1157 3049 ore
1174 2999 1351 3062 vocamen

302 3145 418 3214 Eluite
438 3145 605 3236 antiquae
624 3147 765 3236 penitus
784 3147 928 3237 vestigia
946 3147 1091 3216 fraudis.

345 3320 393 3383 At
408 3315 486 3398 tibi,
504 3335 637 3400 magne
657 3317 742 3400 Len,
764 3315 852 3383 sacri
872 3316 927 3406 pie
946 3335 1066 3406 pastor
1081 3316 1197 3398 ovilis,

301 3482 377 3571 Qui
396 3484 566 3551 Vaticano
589 3485 732 3575 populis
749 3486 791 3553 de
810 3508 946 3553 carcere
965 3486 1058 3576 leges

304 3653 389 3719 Fers
407 3673 549 3742 aequas,
571 3653 730 3743 Italoque
748 3653 828 3721 licet
845 3653 1016 3742 spoliatus
1031 3653 1074 3721 ab
1095 3625 1207 3736 hoste,

301 3820 438 3888 (Iollara
459 3820 549 3909 stipe
567 3843 638 3888 non
659 3822 800 3890 dubitas
818 3844 1021 3890 succurrere
1038 3823 1162 3911 captis,

302 3989 460 4056 Attonita
479 4008 638 4057 aeternas
657 3991 859 4079 persolvant
877 3993 1014 4059 saecula
1031 4010 1157 4082 grates.

304 4158 413 4226 Nulla
432 4177 579 4227 manent
597 4159 701 4227 etiam
721 4161 867 4228 laudum
889 4161 915 4227 si
935 4161 1092 4250 praemia
1111 4180 1239 4239 vatem,

302 4325 449 4396 Grande
467 4327 590 4396 tulisse
608 4347 710 4398 tuum
732 4330 815 4397 satis
833 4347 883 4397 est
903 4331 945 4397 ad
963 4329 1077 4399 sidera
1096 4353 1239 4398 nomen.
