3970 5580
818 570 851 613 ΙΝ
878 571 1054 615 lllULlERES
1082 571 1326 616 untANCtPnTas

593 743 825 832 Desuetisque
846 766 947 833 aegre
966 766 1078 833 quum
1097 744 1183 810 facta
1202 743 1341 810 silentia
1359 743 1503 834 linguis,

591 911 748 982 Stridula
767 930 935 1001 suggestu
957 913 1005 979 sic
1023 935 1083 980 ora
1102 913 1243 980 resolvit
1261 913 1304 979 ab
1324 912 1418 980 alto':

636 1084 738 1148 «Vos
759 1082 864 1150 iubeo
883 1084 1029 1166 salvete,
1050 1083 1138 1150 mihi
1156 1105 1244 1172 quas
1265 1081 1395 1150 nobilis
1412 1084 1517 1150 ardor

592 1251 787 1318 Praeclaris
804 1274 952 1341 operum
975 1251 1121 1318 comites
1139 1251 1301 1319 adiunxit
1321 1251 1356 1318 in
1376 1251 1483 1320 ausis.

591 1419 667 1506 Qui
688 1422 821 1487 valeam
841 1421 967 1510 dignas
986 1420 1085 1488 vobis
1104 1421 1302 1510 persolvere
1317 1438 1443 1511 grateS,

594 1587 644 1654 lli
666 1590 824 1676 quando,
848 1589 997 1656 rudibus
1016 1589 1093 1656 licet
1113 1589 1347 1656 officientibus
1368 1589 1484 1672 annis,

595 1755 772 1823 Praesidis
789 1756 942 1823 officium
965 1758 1124 1825 voluistis
1144 1760 1281 1826 tradere
1301 1776 1446 1826 vestrae.

592 1924 702 2012 Quod
722 1947 786 1992 nos
808 1926 1031 2014 propositum
1051 1928 1119 1994 huc
1135 1949 1326 1995 commune
1345 1928 1497 2018 coegerit
1518 1950 1655 2008 omnes,

594 2095 676 2160 Non
692 2111 742 2160 est
756 2117 818 2161 cur
832 2093 995 2174 reseram,
1012 2095 1188 2184 siquidem
1206 2118 1305 2163 rnens
1319 2096 1489 2164 omnibus
1507 2118 1576 2163 una
1593 2115 1656 2176 est,

594 2259 708 2330 Stulta
727 2261 858 2349 quibus
877 2285 941 2329 nos
962 2263 1151 2331 credulitas
1170 2281 1202 2331 et
1222 2265 1347 2331 tradita
1366 2264 1490 2352 priscis

594 2430 747 2518 Relligio
765 2430 920 2512 inclusit,
941 2431 1105 2498 scelerata
1124 2432 1316 2522 refringere
1334 2434 1494 2500 claustra.

594 2598 738 2666 Arduus
760 2599 816 2666 ille
838 2599 950 2681 labor,
971 2622 1033 2666 nec
1055 2623 1162 2688 quem
1182 2601 1385 2688 pervincere
1404 2624 1505 2690 posse

593 2767 795 2849 Confidam,
816 2767 882 2834 nisi
902 2785 1053 2856 praestet
1073 2791 1179 2856 opem
1197 2769 1239 2835 de
1256 2785 1357 2858 gente
1378 2769 1547 2836 Britanna

592 2935 656 3002 Vir
674 2934 822 3023 quidam
845 2935 990 3024 ingenio
1008 2936 1145 3025 pollens
1162 2935 1366 3025 dignusque
1385 2937 1553 3025 prosect0,

594 3104 662 3172 Cui
685 3103 815 3171 nostris
831 3105 999 3173 manibus
1017 3123 1164 3194 surgant
1179 3106 1221 3171 de
1242 3126 1421 3172 marmore
1438 3105 1549 3196 signa,

594 3272 715 3340 Huius
735 3295 800 3363 ego
819 3274 985 3340 evolvens
1003 3273 1125 3354 libros,
1144 3296 1235 3361 quae
1252 3273 1430 3340 maximus
1448 3291 1581 3357 auctor,

595 3441 795 3509 Historicos
811 3443 899 3509 fines
919 3459 1170 3532 transgressus,
1190 3461 1307 3509 mente
1325 3442 1438 3532 sagaci

595 3609 791 3699 Perspexit,
811 3611 945 3700 paucis,
965 3611 1103 3678 animos
1121 3611 1303 3694 advertite,
1323 3613 1489 3701 pandam.

640 3779 824 3868 Imprimis
842 3779 929 3846 mihi
948 3802 1019 3847 non
1038 3797 1133 3846 tanta
1152 3803 1213 3847 vos
1235 3799 1335 3848 nocte
1354 3781 1463 3849 teneri

593 3949 696 4016 Certa
716 3949 816 4030 fides,
838 3965 874 4016 ut
893 3947 1072 4016 nutricum
1091 3967 1291 4016 commenta
1309 3967 1446 4017 secutae

598 4120 810 4186 Humanum
829 4139 942 4208 genus
959 4141 977 4184 a
995 4119 1138 4208 gemino
1156 4119 1296 4186 fluxisse
1315 4137 1459 4208 parente

595 4286 769 4371 Credatis,
788 4309 1009 4377 pomumque
1031 4287 1100 4355 illis
1118 4288 1278 4356 nocuisse
1299 4311 1481 4357 comesum

597 4456 727 4525 Uxoris
744 4455 898 4539 monitu,
916 4459 1067 4525 mendax
1086 4480 1193 4546 quam
1213 4459 1334 4527 luserit
1351 4461 1492 4546 anguis.

595 4622 671 4689 lam
691 4622 774 4691 satis
791 4641 895 4713 atque
912 4647 1020 4714 super
1037 4627 1115 4693 ficto
1133 4649 1198 4715 pro
1213 4627 1363 4696 crimine
1380 4650 1513 4717 poenas
