3928 5580
811 577 942 622 URANlA

282 749 513 838 Concipiunt,
535 749 723 838 stellasque
741 767 894 838 aequant
910 749 1045 838 fulgore
1066 772 1252 839 perennes,

283 919 395 986 Multa
414 941 521 1008 super
544 920 775 986 memoranda
794 918 897 986 refert
916 937 1157 1007 monstratque
1176 920 1338 986 sacerdos
1354 945 1363 1000 ς

283 1088 352 1159 Sed
372 1105 568 1156 monstrare
587 1111 712 1178 parum
731 1105 805 1156 est:
826 1087 958 1177 Stygiis
979 1109 1084 1176 quam
1103 1089 1274 1156 Thessala
1293 1111 1396 1177 saepe

283 1257 515 1326 Carminibus
533 1279 635 1346 maga
655 1258 707 1324 vel
726 1257 879 1324 rhombo
901 1257 1074 1324 deducere
1094 1257 1215 1324 lunam

285 1426 539 1516 Nequidquam
561 1443 612 1493 est
629 1448 806 1516 aggressa,
825 1447 910 1492 cavo
928 1426 1035 1493 trahit
1052 1426 1109 1493 ille
1127 1426 1300 1516 cylindrm

282 1595 429 1663 inclusit
450 1597 581 1662 vitreos
600 1595 704 1663 certis
724 1595 781 1662 cui
801 1595 939 1686 legibus
955 1596 1072 1663 orbes.

284 1765 370 1851 Quo
390 1763 516 1832 mirere
535 1764 665 1850 magis,
684 1763 742 1832 tali
762 1765 923 1832 nondum
943 1781 1015 1832 arte
1034 1782 1184 1852 reperta,

287 1934 354 2000 Per
375 1951 513 2000 noctem
531 1955 621 2022 quae
639 1933 799 2001 flectebat
822 1934 886 2001 dea
901 1933 1052 2000 candida
1075 1933 1186 2022 bigas,

286 2102 341 2169 Fit
361 2101 436 2169 sine
453 2102 552 2192 fruge
570 2102 702 2184 solum,
721 2102 889 2170 convulsa
913 2119 945 2169 et
964 2101 1143 2192 inhospita
1164 2102 1282 2184 tellus,

284 2272 438 2340 Centum
457 2271 517 2338 ubi
534 2272 716 2339 Vulcanus
735 2271 849 2360 ruptis
870 2270 954 2338 furit
975 2293 1086 2360 usque
1103 2270 1265 2338 caminis.

287 2443 421 2508 Exutus
439 2439 590 2508 frontem
610 2439 730 2522 radiis
750 2463 816 2529 ope
835 2442 963 2508 ductus
980 2441 1104 2508 eadem

287 2609 455 2676 Phoebus
472 2625 505 2676 et
522 2609 597 2698 ipse
615 2609 722 2691 venit,
742 2631 958 2697 quamquam
980 2608 1008 2675 si
1028 2625 1106 2676 vota
1126 2610 1294 2690 valerent,

288 2781 369 2848 Non
393 2780 531 2846 venisse
549 2778 654 2846 velit:
674 2779 790 2868 pudor
808 2793 859 2845 est
878 2777 953 2844 sine
969 2777 1117 2845 crimine
1136 2779 1319 2868 quondam

288 2949 442 3017 Prodere
460 2970 556 3014 nunc
575 2947 721 3015 maculis
742 2963 881 3035 turpata
900 2945 1127 3032 nigrantibus
1145 2969 1219 3022 ora,

286 3117 537 3186 Obscurumve
556 3135 692 3206 patens,
715 3116 824 3183 scisso
842 3114 1030 3198 velamine,
1049 3137 1191 3203 corpus.

288 3286 363 3353 Rex
382 3283 442 3351 ubi
462 3284 578 3351 iussus
595 3285 707 3365 adest,
729 3305 882 3372 quanam
902 3282 1039 3351 ratione
1057 3283 1193 3350 satelles

287 3453 450 3541 Abneget
466 3451 628 3519 indocilis
648 3419 781 3518 validos
798 3451 922 3519 audire
944 3453 1112 3518 vocatus?

289 3621 445 3711 Imperio
467 3636 591 3709 parent
610 3619 731 3687 liventi
755 3618 890 3707 Iupiter
909 3641 984 3700 ore,

287 3787 405 3856 Triste
423 3788 555 3856 rubens
573 3787 670 3855 Mars
690 3804 723 3854 et
740 3785 939 3876 Cyllenius,
963 3785 1042 3852 alba
1062 3784 1176 3852 Dione

288 3956 423 4024 Annuli
443 3973 474 4024 et
491 3973 571 4024 ante
588 3955 675 4022 alios
696 3955 844 4044 pulcher
860 3954 1037 4024 Saturnus
1056 3953 1203 4031 honore,

291 4127 481 4214 Vestaque,
499 4126 703 4214 Neptunus,
724 4124 854 4205 Pallas,
874 4121 1048 4190 Iunonius
1066 4119 1169 4210 ignis

293 4296 437 4364 Uranus
454 4313 559 4382 atque
575 4293 696 4376 Ceres,
716 4313 785 4359 non
809 4309 890 4359 nota
912 4289 1092 4380 prioribus
1114 4307 1216 4355 astra.

291 4464 383 4534 Sunt
402 4463 470 4530 illis
495 4463 651 4552 annique
670 4461 723 4528 sui
745 4479 935 4548 noctesque
952 4459 1113 4547 diesque,

291 4632 396 4715 Sunt,
419 4633 517 4699 vario
535 4652 694 4699 mensem
713 4646 889 4719 praestant
907 4651 997 4716 quae
1016 4625 1164 4708 lumine,
1184 4625 1287 4692 lunae
1306 4649 1312 4691 :
