3972 5654
483 477 547 542 302
924 496 971 540 no
993 495 1133 541 taouau
1154 495 1216 538 xm

530 670 670 737 Mittere
689 691 751 736 nec
768 668 933 736 dubitant
950 668 984 735 in
1005 687 1123 757 aperta
1142 667 1297 756 pericula
1314 667 1420 747 cives,

576 839 782 907 Dummodo
803 837 943 905 divitias
964 837 1139 905 seditione
1158 837 1285 926 legant.

529 1009 601 1074 Vos
618 1006 755 1087 caditis,
775 1028 965 1094 rerumque
984 1006 1032 1072 illi
1052 1006 1239 1094 potiuntur
1260 1005 1405 1072 habenis
1424 1030 1433 1086 ς

574 1181 620 1244 At
637 1175 712 1242 sine
731 1197 821 1265 pane
843 1175 953 1264 patris
970 1193 1084 1241 vestra
1103 1174 1160 1241 llet
1180 1175 1264 1241 orba
1286 1175 1424 1241 domus.

526 1344 630 1433 Quin
650 1345 812 1412 adhibete
830 1345 981 1424 animos,
1002 1345 1128 1432 plenus
1145 1365 1258 1432 quum
1277 1359 1415 1432 pectora
1436 1343 1525 1409 veris

574 1516 625 1582 De
647 1532 758 1581 vestra
778 1530 949 1580 memorat
966 1512 1171 1580 conditione
1192 1513 1276 1591 Leo,

530 1683 633 1750 lllius
652 1681 833 1765 instinctu,
852 1683 934 1748 divo
950 1703 1058 1770 quem
1077 1681 1225 1748 numine
1243 1698 1376 1748 cretum

574 1853 682 1920 Haud
701 1852 830 1940 puduit
847 1850 918 1917 nati
938 1873 1070 1917 nornen
1090 1849 1218 1917 habere
1236 1849 1347 1916 fabro.

528 2020 700 2086 Mortales
719 2039 756 2085 ut
774 2019 842 2085 iarn
864 2020 981 2086 varius
998 2018 1217 2086 discriminet
1234 2019 1334 2098 ord0,

575 2189 656 2256 Una
674 2205 791 2254 tamen
811 2205 955 2254 cunctos
973 2209 1052 2276 spes
1071 2187 1167 2276 ligat,
1187 2208 1255 2254 una
1274 2186 1378 2253 salus.

529 2356 613 2424 Non
633 2377 673 2421 ea
691 2378 765 2421 sors
784 2355 852 2422 illis
871 2356 965 2422 lento
980 2376 1112 2423 certare
1130 2357 1262 2436 duell0‚

574 2522 643 2594 Sed
663 2523 765 2612 parili
785 2523 901 2591 vinclo
921 2547 1010 2613 quos
1028 2525 1116 2592 bene
1136 2525 1259 2614 iungat
1276 2546 1387 2591 amor.

529 2692 675 2760 Exuviis
694 2693 843 2782 inopum
865 2715 907 2760 ne
924 2695 1004 2782 quis
1021 2695 1166 2762 ditescat
1183 2716 1321 2776 avarus,

575 2861 715 2949 Perque
734 2862 844 2928 malas
862 2879 953 2929 artes
970 2885 1049 2931 aera
1068 2864 1232 2952 pudenda
1254 2880 1374 2952 paren

527 3032 573 3097 At
594 3052 721 3119 neque,
741 3031 928 3099 crescentis
946 3049 1133 3120 superante
1151 3031 1318 3120 cupidine
1336 3031 1436 3115 lucri,

576 3200 752 3268 Detrectet
768 3222 949 3290 manceps,
968 3203 1063 3289 quod
1082 3201 1149 3267 sibi
1167 3201 1332 3290 sumpsit,
1351 3223 1454 3290 opus.

533 3366 664 3434 lllittire
685 3391 779 3436 nunc
799 3369 890 3436 odiis
910 3371 1051 3438 tandem
1070 3387 1201 3437 certare
1222 3370 1396 3451 nefandis,

574 3535 605 3603 N
612 3556 650 3600 ec
669 3534 756 3601 livor
774 3535 927 3603 stimulis
944 3539 1047 3605 effera
1065 3540 1169 3606 corda
1189 3557 1325 3628 premat
1343 3565 1352 3618 ς

531 3703 652 3770 Prisca
671 3704 842 3771 sodalitiis
860 3707 919 3772 sed
938 3706 1034 3773 enim
1051 3731 1141 3796 quae
1161 3709 1306 3796 protulit
1326 3726 1432 3790 aetas,

574 3873 681 3940 Nunc
699 3873 825 3940 iterum
845 3875 961 3941 redeat
979 3877 1178 3966 relligiosus
1195 3878 1320 3944 honos.

527 4040 738 4124 Disiectum,
761 4042 923 4126 artifices,
944 4043 976 4109 in
997 4066 1187 4113 commune
1204 4046 1323 4114 addite
1340 4047 1463 4128 robur,

572 4209 671 4277 Alter
688 4228 726 4278 ut
743 4210 887 4279 alterius
908 4212 1031 4280 fortior
1048 4232 1156 4282 exstet
1175 4238 1253 4304 ope.

525 4383 574 4446 At
590 4379 617 4445 si
637 4379 717 4469 quis
735 4381 859 4448 cecidit
878 4382 1029 4472 graviori
1054 4385 1208 4472 pondere
1230 4407 1383 4470 pressus,

574 4550 693 4640 Erigat
712 4551 897 4619 infirmum
918 4551 1059 4620 foedere
1079 4553 1193 4621 iuncta
1212 4554 1348 4621 cohors.
