3970 5580
492 543 550 586 102
897 543 943 586 nt)
964 541 1106 586 PROCUM
1127 541 1253 586 sartan

489 717 537 784 Ut
556 713 671 782 valida
688 715 872 804 quondam
889 714 992 782 faciat
1009 732 1040 782 te
1059 715 1156 804 prole
1174 715 1319 782 beatum

488 883 613 967 Enixa,
632 902 666 952 et
682 884 820 951 tumido
837 884 956 951 dulces
974 884 1042 950 alat
1060 883 1167 951 ubere
1186 884 1310 950 natos?

488 1055 557 1120 Fac
577 1071 683 1142 queat
699 1052 742 1120 ad
762 1053 871 1120 iustos
889 1070 1030 1141 partum
1050 1051 1224 1119 deducere
1243 1073 1397 1133 menses

487 1221 670 1291 Continuo
690 1223 820 1290 accitus
838 1222 1032 1311 longinqua
1054 1221 1087 1288 in
1107 1221 1233 1288 balnea
1251 1219 1365 1287 mittet

487 1390 647 1461 Clinicus
664 1391 816 1474 effetam,
835 1390 1006 1458 medicata
1025 1390 1083 1457 ubi
1104 1389 1231 1478 pocula
1253 1389 1345 1457 ferro

488 1559 628 1642 Ebibat,
649 1559 742 1627 unde
761 1581 854 1626 novo
872 1575 1081 1648 reparentur
1098 1557 1271 1648 sanguine
1289 1579 1410 1625 venae.

486 1729 709 1819 Vegrandem
732 1727 864 1795 interea
885 1727 1003 1795 nutrix
1021 1728 1088 1794 alet
1105 1729 1241 1795 advena
1264 1727 1414 1815 prolem,

486 1896 633 1986 Vagitus
649 1897 762 1963 donec
781 1894 937 1964 Libitina
959 1895 1147 1984 abrumpet
1164 1912 1296 1962 acutos.

531 2065 702 2133 Mobilior
716 2065 807 2131 mihi
828 2065 855 2131 si
877 2064 1012 2133 dicetur
1029 2063 1164 2132 femina
1184 2081 1301 2144 vento,

486 2233 587 2302 Trita
609 2235 760 2323 loquar:
784 2233 871 2322 quin
894 2250 944 2300 est
964 2255 1107 2322 quoque
1130 2233 1223 2300 idem
1244 2254 1335 2321 quae
1355 2250 1514 2322 tempore
1535 2233 1659 2299 eodem

486 2404 583 2486 Vult,
603 2425 675 2471 non
695 2403 781 2486 vult,
800 2402 941 2493 refugit,
960 2403 1057 2492 cupit
1075 2421 1107 2469 et
1125 2402 1302 2469 contraria
1320 2420 1455 2469 sectans

488 2573 562 2640 Nec
580 2571 647 2639 sibi
666 2594 729 2639 nec
750 2571 872 2639 domui
895 2572 1043 2661 paulurn
1062 2570 1146 2638 sinit
1162 2593 1237 2638 esse
1252 2570 1405 2660 quietis;

488 2741 654 2828 Dumque
675 2761 805 2830 anceps
822 2739 909 2828 quid
928 2757 1007 2829 agat
1027 2739 1154 2808 librato
1171 2739 1333 2807 examine
1351 2757 1501 2820 mussat,

487 2909 595 2976 Hunc
612 2908 756 2991 similat,
776 2931 883 2998 quem
901 2908 1086 2998 proposuit
1105 2908 1321 2990 Rundanas,
1340 2910 1501 2976 asellum.

486 3076 524 3147 Si
544 3098 625 3145 vero
643 3077 795 3145 trutinae
814 3076 1005 3144 minimum
1025 3077 1078 3145 tir
1097 3078 1265 3167 ponderis
1281 3078 1399 3159 addet,

487 3244 584 3312 Ilicet
600 3243 800 3334 oppositam
820 3244 994 3334 spectabis
1013 3267 1153 3334 vergere
1172 3246 1320 3312 lancem.

486 3412 587 3501 Quid
604 3436 693 3503 quae
712 3414 843 3481 nolenti
863 3413 1034 3502 quiddam
1057 3431 1263 3502 extorquere
1282 3413 1410 3481 marito

486 3581 524 3652 Si
543 3581 676 3663 statuit,
695 3581 818 3672 capitis
835 3582 955 3651 dirum
973 3601 1113 3650 causata
1131 3583 1306 3664 dolorem,

486 3749 570 3821 Sola
587 3752 668 3818 latet
683 3751 852 3833 thalam0‚
875 3770 934 3819 aut
954 3750 1041 3819 tussi
1059 3769 1247 3840 quassatur
1264 3751 1405 3834 anhela,

486 3918 727 3988 Contractisve
745 3920 820 3987 solo
841 3919 927 3986 iacet
945 3919 1178 3987 intermortua
1200 3919 1332 4003 nervis,

487 4089 531 4155 Et
547 4087 675 4155 misere
692 4087 836 4170 frendit,
860 4087 1068 4156 morborum
1086 4089 1172 4156 dum
1191 4111 1302 4179 genus
1320 4110 1425 4156 omne

488 4257 528 4324 ln
547 4274 715 4347 promptu
731 4274 836 4324 tenet.
859 4259 1014 4326 Uxorem
1034 4279 1156 4326 sanare
1174 4258 1228 4324 vel
1247 4281 1319 4326 uno

486 4424 613 4513 Quum
631 4425 731 4492 liceat
752 4424 872 4508 verb0‚
894 4425 980 4514 quid
999 4427 1106 4516 ages?
1127 4425 1359 4493 medicaberis
1376 4429 1527 4517 aegrae?

485 4592 659 4662 Addictus
676 4593 842 4661 dominae
862 4593 977 4683 rigido
994 4593 1095 4660 dabis
1113 4617 1173 4661 ora
1193 4595 1356 4684 capistro.
