3936 5578
801 540 951 584 lUDlTllA

379 710 511 792 Calcat,
530 728 563 778 et
580 731 698 779 aerato
716 711 869 780 volucris
888 730 961 781 rota
979 713 1126 802 proterit
1143 737 1205 781 axe
1223 741 1229 780 :

379 878 573 969 Sanguinis
593 879 693 948 effusi
714 880 851 970 tepidos
868 881 939 971 agit
958 880 1073 949 orbita
1092 881 1198 948 rivos.

378 1047 562 1117 Continuo
578 1049 780 1139 prorumpit
797 1072 908 1118 ovans
927 1050 1090 1118 Hebraea
1114 1050 1292 1131 iuventus,

378 1216 618 1306 Admissoque
635 1240 755 1286 aversa
774 1218 903 1307 premit
919 1218 1065 1308 vestigia
1082 1240 1204 1287 cursu.

380 1383 526 1453 Distulit
540 1384 590 1453 ira
609 1385 704 1452 sitim
722 1412 729 1452 ε
750 1409 813 1475 per
834 1405 867 1454 et
883 1409 944 1454 ora
961 1405 1128 1477 artusque
1150 1388 1323 1457 iacentum

380 1554 596 1643 Praecipites
613 1555 689 1622 sine
709 1577 806 1623 more
823 1574 951 1624 ruunt:
972 1557 1042 1624 iam
1062 1557 1227 1624 cominus
1247 1580 1330 1625 ense

378 1724 494 1813 Terga
513 1741 636 1812 petunt
653 1724 768 1791 oblata
787 1724 869 1807 sibi,
888 1741 920 1791 et
937 1746 1027 1813 quos
1048 1726 1194 1793 vulnera
1215 1726 1367 1809 tardant,

380 1891 579 1960 Demittunt
597 1892 745 1982 impune
763 1894 854 1976 neci,
877 1915 939 1960 nec
957 1893 1118 1962 membra
1138 1893 1296 1983 quietem

381 2063 486 2128 Fessa
505 2078 628 2150 petunt
643 2082 793 2150 operum
811 2085 818 2128 :
839 2079 932 2128 tanta
953 2078 1004 2128 est
1022 2061 1056 2129 in
1075 2061 1179 2130 caede
1197 2063 1382 2151 voluptas!

379 2231 429 2301 Ut
445 2253 481 2297 se
499 2230 697 2320 proripiant
718 2230 812 2313 victi,
835 2247 952 2297 tamen
971 2229 1070 2298 ocior
1087 2230 1166 2297 illos

376 2399 565 2468 Antevolat
583 2421 701 2468 rerum
720 2397 889 2468 Galilaeis
906 2400 1030 2467 nuntia
1048 2400 1154 2485 fama,

378 2570 422 2637 Et
442 2586 566 2637 vacuat
585 2569 718 2636 cultore
736 2591 838 2659 agros
859 2586 964 2658 atque
981 2569 1113 2659 oppida
1134 2569 1221 2637 cive.

376 2742 487 2807 Arma
504 2737 661 2806 fremunt
677 2760 826 2805 omnes:
846 2737 953 2805 etiam
971 2737 1173 2827 disperdere
1190 2738 1305 2828 gentis

378 2907 576 2996 Relliquias
595 2907 720 2974 ardent
736 2907 832 2974 dirae
850 2924 954 2996 atque
972 2907 1175 2975 exscindere
1194 2906 1296 2975 ferro.

377 3076 530 3144 Additus
550 3099 568 3143 a
587 3093 684 3165 tergo
703 3074 757 3141 vix
776 3077 919 3143 tandem
938 3075 1053 3143 deficit
1071 3074 1196 3159 hostis,

378 3239 506 3328 Quum
524 3265 637 3309 novus
653 3241 792 3309 obsistit
808 3259 943 3325 contra,
963 3241 1106 3308 laterive
1127 3258 1295 3310 cruentus

380 3409 562 3493 Imminet,
584 3429 616 3480 et
633 3433 738 3480 cursu
760 3410 936 3479 confectos
954 3432 1031 3478 acer
1048 3411 1176 3478 anhelo

379 3581 491 3671 Urget
507 3581 673 3670 utrinque
689 3606 697 3648 ε
716 3581 847 3648 cadunt
864 3579 998 3662 miseri,
1015 3602 1078 3647 ceu
1096 3579 1182 3646 falce
1201 3601 1347 3647 recurva

378 3749 586 3818 Procumbit
603 3749 737 3818 succisa
755 3771 853 3839 seges
872 3776 879 3815 :
903 3770 965 3816 nec
983 3748 1162 3834 stragibus
1181 3769 1332 3836 usquam

376 3923 450 3987 Aut
466 3918 594 3986 modus
614 3935 674 3986 aut
692 3917 794 3986 finis:
816 3917 936 4008 paucis
954 3939 1111 3984 remeare
1129 3933 1273 4005 penates

379 4090 446 4157 Dat
462 4087 602 4156 fortuna
621 4110 717 4168 suos,
735 4087 962 4177 patriumque
980 4084 1131 4154 revisere
1147 4084 1285 4175 Tigrin.

376 4261 423 4325 At
439 4279 510 4323 non
529 4255 635 4346 regali
654 4255 776 4322 cuneis
794 4254 983 4344 inscriptus
1001 4253 1035 4320 in
1057 4253 1138 4320 aula

377 4425 498 4514 Turpe
517 4425 603 4492 later
619 4425 791 4514 probrum
810 4446 906 4491 seros
922 4439 1067 4490 testatur
1087 4423 1121 4488 in
1142 4443 1278 4503 annos3

379 4593 516 4661 Excidit
531 4592 687 4682 Assyriis
705 4593 839 4659 bellum
858 4591 1075 4658 lacrimabile
1093 4590 1202 4658 fastis.
