3970 5580
731 501 777 546 ΑΙ)
803 502 964 547 IUVENEM
991 501 1116 546 SATIRA

334 672 522 742 Conticeas
540 673 681 741 melius.
698 701 718 738 >›
740 674 893 742 Pulchre
911 677 917 740 !
942 676 1151 763 respondeo,
1172 679 1284 743 recte!

334 841 464 930 Arguit
481 841 545 909 ista
562 841 693 931 probos
712 864 839 932 nempe
859 842 1056 934 indignatio
1074 865 1211 911 sensus

334 1015 381 1078 At
401 1009 539 1078 levibus
559 1012 703 1100 quando
721 1009 911 1100 praeponis
929 1011 1018 1079 seria
1041 1011 1159 1102 nugis,

337 1179 411 1247 Nec
428 1179 523 1270 piget
540 1180 583 1246 ad
602 1197 763 1247 nostrum
783 1179 889 1248 vitam
906 1202 1121 1269 componere
1138 1201 1289 1262 morem,

333 1348 463 1438 Accipe
481 1371 590 1437 pauca
612 1371 732 1438 super,
752 1349 821 1416 iido
839 1371 929 1438 quae
948 1366 1087 1438 pectore
1103 1367 1261 1418 manant.

335 1517 574 1607 Nequaquam
591 1535 723 1585 temere
742 1518 916 1584 humanas
936 1519 1023 1586 Fors
1041 1517 1189 1586 extrahit
1206 1540 1296 1585 urna

337 1685 596 1776 Dispensatque
615 1687 731 1769 vices·,
751 1705 838 1754 nutu
860 1686 993 1775 quippe
1011 1686 1132 1754 omnia
1151 1705 1264 1754 versat

337 1854 399 1921 lile
415 1877 480 1922 suo
497 1876 614 1922 rerum
635 1853 777 1943 sapiens
794 1871 827 1922 et
847 1853 1018 1943 providus
1035 1871 1169 1936 auctor,

335 2022 404 2092 Cui
424 2023 514 2090 vitae
531 2024 770 2112 quodcunque
788 2022 922 2090 bonum
942 2022 1069 2090 debere
1088 2021 1251 2090 fatemur'.

335 2197 452 2280 Atque
470 2191 562 2258 idem
583 2214 644 2259 sua
662 2192 755 2258 dona
770 2190 834 2258 tibi
852 2191 1017 2259 tribuisse
1039 2191 1178 2259 videtur

338 2360 508 2444 Uberius,
530 2383 654 2428 sanam
673 2361 818 2429 robusto
836 2360 871 2429 in
890 2383 1037 2450 corpore
1058 2379 1229 2445 mentem,

337 2531 419 2598 Non
441 2533 529 2598 adeo
546 2549 688 2598 tenuem
707 2552 851 2598 censum
870 2552 1040 2619 carosque
1058 2531 1195 2598 sodales

336 2701 379 2767 Et
400 2700 476 2767 sine
492 2701 595 2767 sorde
613 2722 747 2790 genus;
766 2722 855 2788 quae
874 2699 934 2789 qui
954 2698 1054 2766 nihili
1074 2717 1249 2783 autumat,
1268 2699 1370 2767 illum

338 2870 420 2935 Non
441 2868 566 2960 regalis
584 2872 709 2950 honoS,
730 2890 800 2935 non
819 2867 894 2936 auri
914 2868 1068 2957 explebit
1084 2890 1240 2936 acervus.

337 3039 434 3105 Haec
454 3055 570 3104 tamen
589 3037 746 3126 ingratus
764 3037 914 3126 spernis,
937 3037 1029 3103 bona
1048 3037 1121 3103 sola
1139 3035 1337 3125 requirens,

335 3205 441 3294 Quae
459 3205 579 3296 paucis
598 3205 788 3274 hominum
806 3228 885 3273 sero
903 3205 1001 3273 labor
1018 3207 1152 3273 arduus
1167 3204 1277 3284 affert,

334 3377 430 3442 Tum
451 3375 505 3442 vix
525 3393 622 3463 parta
643 3374 759 3465 gravis
778 3373 934 3441 Libitina
953 3374 1152 3462 relinquere
1169 3373 1272 3464 cogit.

339 3547 506 3633 Dumque
524 3543 617 3634 fugis
634 3565 724 3633 quae
742 3561 824 3610 sunt
845 3559 996 3632 praesto,
1016 3541 1185 3631 fugientia
1203 3559 1334 3631 captas,

336 3712 483 3782 Labitur
504 3712 649 3795 interea,
668 3734 905 3800 concessoque
926 3711 1052 3778 excidit
1069 3732 1155 3778 aevo

335 3883 485 3972 Optima
502 3904 665 3973 quaeque
682 3881 769 3949 dies.
794 3883 875 3948 Huc
893 3881 981 3948 adde
1000 3880 1094 3968 quod
1113 3879 1210 3947 irrita
1227 3879 1320 3948 dona

337 4052 642 4142 praereptumque
661 4049 727 4117 sibi
746 4052 848 4118 dator
863 4049 1067 4139 indignatur
1086 4050 1269 4116 honorem.

334 4220 435 4309 Quin
453 4219 585 4310 potius,
602 4219 665 4287 tibi
687 4221 772 4287 dum
792 4218 917 4286 studiis
938 4218 1030 4308 viget
1050 4217 1165 4308 aptior
1184 4235 1292 4302 aetas,

336 4392 536 4461 Contentus
552 4389 692 4457 modico
713 4389 927 4480 propriaque
946 4387 979 4455 in
1000 4387 1089 4476 pelle
1107 4386 1247 4476 quietus

333 4557 509 4628 Soiertem
528 4576 685 4627 austeras
703 4557 866 4625 animum
885 4555 1061 4624 convertis
1081 4556 1124 4623 ad
1143 4572 1246 4636 artes,
