3972 5654
488 549 552 632 314
926 565 973 608 111)
994 564 1136 608 sconart
1155 563 1218 607 xur

531 739 651 812 Saevit
668 740 774 830 inops
794 738 904 806 animi
923 755 956 806 et
973 737 1126 827 perferre
1147 737 1267 825 lupata
1289 753 1425 802 recusat

577 908 735 1000 Longius
756 906 895 997 urgenti
913 907 1013 996 plebs
1033 905 1226 974 furibunda
1246 905 1351 971 malo

532 1079 661 1148 Nonne
679 1097 803 1168 graves
821 1074 922 1143 audis
940 1074 1094 1161 gemitus
1116 1095 1288 1162 vocesque
1306 1071 1510 1151 dolentum,

576 1246 681 1316 Unde
700 1264 782 1313 tuus
803 1245 902 1312 finxit
922 1242 1147 1311 condoluisse
1166 1243 1320 1331 parens?

529 1415 626 1482 Tum
646 1435 727 1481 vero
746 1413 854 1480 saturi
871 1412 1097 1480 celebrabant
1113 1411 1185 1478 otia
1202 1410 1294 1478 cives
1311 1436 1320 1492 ·,

576 1582 780 1652 Romulidis
799 1581 872 1650 noti
891 1603 1024 1671 vosque
1041 1580 1223 1669 saniesque
1241 1579 1349 1648 simul
1368 1603 1377 1666 ;

531 1753 669 1841 Perque
688 1751 794 1819 Italos
815 1773 854 1818 ea
875 1772 971 1818 nunc
987 1749 1127 1839 obrepit
1145 1749 1275 1838 pallida
1294 1749 1395 1830 lines,

573 1920 656 1992 Sive
674 1919 753 1987 tulit
770 1941 885 2002 casus,
902 1920 1042 1987 dextera
1060 1919 1133 1986 sive
1155 1939 1298 1984 nocens.

529 2088 657 2179 Stipati
676 2087 809 2156 ratibus
826 2088 929 2177 longe
947 2103 1081 2156 semota
1099 2087 1215 2155 coloni

573 2257 764 2345 Quaerunt
780 2279 876 2339 rura,
895 2255 1026 2345 quibus
1043 2273 1134 2324 terra
1153 2277 1301 2322 noverca
1323 2278 1386 2323 sua
1404 2273 1465 2322 est.

527 2426 650 2514 Quam
668 2425 734 2492 sibi
754 2425 954 2506 dissimilis,
974 2425 1100 2492 veteris
1117 2447 1225 2514 quarn
1244 2425 1397 2515 degener
1415 2425 1491 2491 aevi

573 2595 636 2663 llla
654 2595 753 2683 prius
770 2593 914 2685 frugum
931 2613 1022 2662 terra
1042 2597 1231 2684 virumque
1248 2594 1342 2662 ferax
1359 2599 1365 2660 !

528 2763 735 2833 Caeduntur
757 2763 857 2846 vites,
875 2781 984 2830 urunt
1003 2763 1168 2832 incendia
1187 2763 1305 2843 silvas,

573 2932 763 2999 Exundant
782 2931 895 3014 fluvii,
913 2931 1050 3021 deperit
1067 2932 1180 3000 imbre
1198 2955 1307 3022 seges.

528 3099 717 3169 Dissiliunt
735 3099 822 3167 fetae
842 3100 968 3168 nitrato
986 3101 1131 3189 pulvere
1150 3119 1264 3168 turres
1281 3127 1290 3182 ς

573 3268 629 3336 Fit
649 3286 781 3336 tremor
799 3269 879 3336 hinc
897 3269 1012 3350 terris,
1030 3288 1117 3338 tecta
1135 3271 1274 3338 revulsa
1297 3271 1426 3339 volant.

528 3439 610 3506 Non
630 3437 714 3504 alias
731 3437 873 3506 Tiberis
890 3455 962 3505 tam
979 3461 1083 3528 saepe
1099 3440 1251 3508 excurrit
1270 3440 1304 3506 in
1324 3462 1440 3530 agros,

571 3605 826 3695 Diluviumque
843 3607 922 3674 tulit
939 3607 1206 3697 perniciemque
1224 3608 1319 3676 satis.

525 3773 737 3864 Sumptibus
754 3776 918 3842 eductam
940 3775 1032 3843 baud
1050 3777 1189 3845 dubitat
1204 3779 1452 3845 transcendere
1470 3780 1609 3846 molem

569 3941 832 4031 Obiectumque
853 3943 919 4011 sibi
938 3943 1087 4033 despicit
1106 3946 1221 4012 amnis
1237 3969 1340 4035 opus

524 4111 563 4182 Si
582 4134 651 4200 qua
669 4129 785 4178 tamen
805 4130 984 4200 superant,
1009 4113 1133 4181 immiti
1152 4114 1271 4183 debita
1289 4117 1371 4183 fisco

570 4282 705 4349 Pabula
727 4281 883 4350 certatim
906 4283 1051 4351 devorat
1068 4285 1147 4351 aula
1166 4307 1284 4373 rapax.

523 4450 666 4522 Scilicet
678 4451 858 4519 Ausoniae
878 4452 991 4520 iussae
1012 4454 1205 4521 coalescere
1225 4473 1353 4542 partes,

569 4621 624 4688 Ne
641 4641 762 4709 cespes
781 4639 895 4687 vestro
912 4639 1008 4688 tutus
1026 4621 1069 4688 ab
1091 4645 1210 4711 ungue
1227 4622 1326 4691 foret.
