3936 5578
806 563 940 606 ESTHER

289 742 400 825 Inque
418 736 607 803 hominum
626 758 773 802 arcanos
790 735 991 824 deprendas
1012 753 1150 823 pectore
1168 757 1306 816 sensus,

289 905 348 971 Me
369 903 484 993 patrui
503 904 597 970 haud
616 903 730 970 nescis
749 903 892 970 monitis
910 903 1130 991 sapientibus
1148 920 1260 970 actam

289 1074 482 1140 Externum
503 1095 574 1140 non
597 1090 724 1161 sponte
746 1094 822 1138 ntea
841 1071 994 1161 tetigisse
1016 1072 1144 1138 cubile.

287 1241 376 1330 Spes
394 1264 432 1308 ea
452 1263 579 1330 nempe
598 1240 663 1309 fuit
681 1240 842 1330 populari
864 1259 899 1308 ut
918 1241 1034 1308 iuncta
1054 1241 1180 1308 marito

286 1411 549 1499 Tectorumque
568 1410 694 1478 umbra
716 1409 855 1476 latitans
876 1409 1024 1476 obscura
1046 1410 1139 1477 fideli

288 1578 501 1646 Praedulces
518 1597 618 1646 natos
635 1578 839 1667 patriaeque
856 1578 992 1666 tibique
1012 1601 1181 1646 crearem.

288 1747 346 1814 Me
364 1766 495 1822 tamen,
516 1749 598 1814 haec
616 1747 737 1813 animo
754 1746 880 1814 frustra
898 1748 982 1813 dum
1004 1765 1081 1814 vota
1102 1747 1278 1830 fovebam,

285 1915 430 1982 Assueri
449 1915 523 2003 ipse
542 1937 650 1982 manu
667 1915 796 1982 duxisti
817 1914 907 2002 regis
929 1915 963 1982 in
983 1915 1115 1992 aulam,

288 2083 395 2150 Haud
414 2083 541 2172 placito
559 2083 731 2150 addictam
751 2083 868 2149 vincio
883 2082 1118 2171 thalamisque
1136 2082 1307 2172 profanis,

288 2253 341 2318 Ne
361 2252 494 2340 populo
512 2253 617 2318 rebus
634 2253 768 2319 deesset
785 2270 942 2318 tutamen
964 2251 997 2319 in
1017 2252 1130 2319 arctis

287 2420 356 2488 Hic
374 2442 516 2509 quoque
538 2442 609 2487 non
628 2420 735 2487 oblita
754 2421 803 2487 tui
827 2419 982 2508 legisque
998 2422 1170 2488 verendae

287 2589 438 2656 Delicias
455 2589 513 2656 odi
531 2589 656 2656 molles
674 2589 833 2678 ditesque
852 2608 993 2678 paratus

286 2757 590 2847 Conrmentosque
607 2758 691 2825 deos
708 2784 714 2836 ;
734 2757 836 2825 titulo
855 2781 917 2825 nec
936 2759 1044 2826 laetor
1061 2758 1173 2840 inani,

286 2927 369 2996 Sola
386 2927 456 2994 tuis
473 2927 648 2994 accenseri
667 2926 721 2993 cui
741 2925 852 3017 gloria
869 2927 989 2994 servis.

286 3093 386 3182 Quin
406 3095 507 3179 mihi,
526 3114 743 3184 gemmatum
766 3095 861 3162 festis
878 3095 987 3163 invita
1007 3095 1133 3163 diebus

286 3262 397 3351 Quod
414 3263 577 3330 diadema
595 3287 691 3353 gem,
714 3287 832 3332 retum
852 3283 889 3331 ut
907 3264 1077 3332 vilissima
1096 3267 1226 3333 sordet.

287 3429 414 3501 Sinon
436 3429 522 3498 falsa
540 3432 678 3520 loquor,
699 3455 881 3501 versamur
902 3433 1034 3522 respice
1056 3433 1199 3522 quantis

286 3599 558 3688 Obruimurque
578 3600 695 3682 malis,
714 3601 853 3691 gravior
873 3601 1004 3690 quibus
1021 3601 1134 3670 exitus
1155 3602 1274 3670 instat.

287 3768 412 3838 Cernis
432 3787 467 3835 ut
485 3768 626 3837 horrida
650 3769 764 3836 hiems
782 3771 936 3838 densatis
958 3771 1114 3859 undique
1138 3771 1271 3838 nimbis

288 3938 363 4004 Nos
381 3957 529 4025 premat,
551 3957 584 4004 et
602 3938 673 4004 iam
691 3891 761 4005 iarn
781 3938 935 4006 violento
952 3939 1093 4007 turbine
1111 3957 1263 4026 mergat,

288 4107 364 4173 Nos
384 4124 442 4172 tua
461 4107 520 4194 qui
543 4106 678 4174 suimus
696 4130 771 4174 sors
788 4107 873 4174 olim
892 4125 925 4175 et
941 4131 1023 4175 cura
1043 4107 1179 4190 vocati3

289 4273 478 4341 Posteritas
499 4274 630 4364 quibus
648 4293 699 4342 est
717 4295 817 4364 pacto
835 4275 965 4343 sancita
985 4275 1152 4365 perennis
1169 4279 1179 4342 Ξ

288 4420 381 4534 Erga
396 4446 641 4511 obmutescent
659 4444 765 4512 simul
784 4467 844 4512 ora
862 4445 1023 4512 canentia
1045 4446 1166 4513 laudes

287 4610 371 4681 Sola
388 4614 488 4680 tuas?
506 4613 647 4681 viduata
669 4615 775 4682 sactis
793 4613 913 4681 altaria
932 4613 1086 4682 flammis
