3972 5654
580 579 736 624 vmomts
760 579 979 625 uaruniotus
1003 579 1188 636 Quuanuau
1412 563 1474 648 239

389 752 467 819 Nec
486 773 600 827 mora,
620 751 784 840 prosilui,
807 751 1013 842 pernicique
1030 752 1135 820 obvia
1152 776 1256 821 cursu

438 920 546 988 Inieci
564 920 724 1010 duplices
740 921 774 987 in
795 944 857 988 sua
879 922 967 989 colla
986 943 1127 989 manus.

387 1089 549 1160 Suscitor
566 1090 788 1165 hiesomno:
812 1109 843 1158 te
864 1091 976 1157 solam
994 1091 1155 1180 amplexa
1176 1071 1357 1171 tenebam,

433 1259 571 1329 Culcita
588 1260 630 1326 de
648 1258 802 1327 lacrimis
819 1259 981 1348 protinus
1002 1260 1070 1326 uda
1089 1258 1189 1327 meis.

387 1429 459 1509 Ab,
482 1427 653 1496 miserum
672 1446 722 1495 est
739 1427 894 1495 flammis
916 1450 985 1495 non
1006 1428 1261 1517 apparentibus
1278 1429 1348 1512 uri,

435 1597 695 1686 Materiamque
714 1597 784 1687 igni
804 1618 875 1664 non
894 1596 1048 1686 reperire
1066 1601 1152 1664 suo!

387 1767 494 1833 Tunc
516 1765 575 1833 ubi
596 1767 779 1855 primaevo
797 1766 987 1833 vernabam
1009 1765 1094 1833 flore
1113 1766 1286 1849 iuventae,

436 1941 553 2024 Atque
572 1934 659 2002 milti
677 1934 787 2001 fastus
806 1933 918 2001 forma
936 1934 1083 2023 probata
1103 1934 1222 2018 dabat,

393 2103 497 2191 Quot
514 2105 639 2171 stolida
657 2104 851 2193 qualesque
870 2126 995 2191 procos
1012 2125 1083 2171 non
1103 2122 1220 2172 mente
1239 2104 1386 2193 paravi?

441 2273 556 2343 Unica
574 2274 730 2341 delectus
749 2294 832 2340 cura
854 2272 971 2340 futura
988 2272 1065 2340 fuit.

396 2443 562 2530 Dumque
582 2443 640 2509 uni
661 2441 815 2509 celebres
834 2441 1012 2527 fingebam
1032 2441 1150 2509 iuncta
1168 2442 1386 2531 triumphos,

439 2611 606 2680 Anteibat
623 2634 747 2679 currus
766 2611 862 2679 irrita
880 2611 983 2678 turba
1005 2633 1111 2678 meos.

391 2778 484 2869 Spes
504 2797 576 2847 erat
594 2781 678 2847 haec
697 2779 783 2846 olim
800 2803 809 2860 ς
828 2779 888 2846 sed
906 2801 1015 2860 nunc,
1034 2796 1144 2846 aetate
1163 2777 1344 2869 magistra,

440 2950 562 3039 Quam
583 2972 660 3017 mea
678 2967 761 3016 sunt
779 2947 903 3038 priscis
925 2967 1003 3015 vota
1021 2949 1178 3015 modesta
1196 2948 1332 3038 magis!

397 3121 479 3188 Non
497 3120 577 3186 volo
595 3119 640 3186 sit
658 3119 757 3186 dives
776 3139 855 3185 mea
872 3118 933 3206 qui
951 3116 1129 3184 connubia
1151 3135 1282 3206 poscet,

444 3291 520 3358 Nec
541 3311 626 3379 rogo
643 3311 678 3357 se
698 3288 784 3355 facie
803 3289 902 3356 iactet
920 3304 957 3355 ut
974 3286 1031 3354 ille
1052 3286 1154 3353 bona.

393 3458 573 3547 Quisquis
589 3458 671 3540 eris,
690 3459 799 3525 modo
816 3457 877 3538 sis,
896 3455 956 3546 qui
975 3478 1032 3524 me
1049 3455 1239 3546 dignabere
1259 3457 1374 3524 taeda.

444 3629 500 3696 Tu
521 3627 610 3695 mihi
632 3627 685 3693 vel
704 3626 872 3708 Croesus,
891 3643 927 3693 tu
949 3625 1002 3692 vel
1022 3623 1160 3693 Adonis
1177 3623 1257 3691 eris.

399 3797 563 3886 Denique
580 3796 628 3863 sis
646 3795 801 3876 tetricus,
822 3794 920 3863 rudis
937 3793 1233 3884 improbulusque
1255 3791 1384 3861 licebit.

442 3967 494 4034 Te
513 3988 656 4056 quoque
675 3986 783 4054 quam
803 3964 942 4031 nullum
961 3980 1111 4053 praestat
1129 3961 1257 4030 habere
1276 3961 1405 4029 virum.

398 4134 439 4206 Si
457 4135 521 4203 tibi
540 4157 620 4202 sum
638 4135 750 4218 cordi,
772 4151 825 4202 sat
841 4133 919 4216 erit,
939 4132 1099 4222 mihique
1118 4131 1192 4222 ipsa
1211 4130 1358 4198 videbor

449 4306 531 4373 Non
552 4306 641 4373 male
658 4303 866 4371 commissas
887 4303 977 4369 inter
994 4300 1156 4369 habenda
1174 4323 1296 4369 nurus.

403 4477 477 4542 Aut
494 4474 522 4540 si
542 4496 612 4542 non
636 4491 673 4541 ut
689 4495 786 4540 ames
804 4494 883 4540 sum
901 4471 1002 4554 tanti,
1025 4471 1090 4538 hoc
1110 4472 1280 4559 deprecor
1301 4491 1414 4537 unum

447 4645 503 4712 Ne
522 4666 623 4712 meus
639 4644 710 4712 ulla
728 4642 791 4710 tibi
810 4642 923 4712 taedia
944 4641 1063 4731 iggnat
1079 4663 1191 4708 amor.
