3970 5580
518 549 558 612 74
819 545 993 590 armemus
1012 543 1181 588 saavrrus
1201 542 1386 588 naoranna

518 721 713 809 Palmaque
731 718 870 787 lactenti
890 717 1013 808 plenas
1034 717 1092 784 dat
1111 733 1247 783 nectare
1265 715 1430 797 conclraS,

519 889 601 957 Nux
619 887 679 955 ubi
700 886 854 954 mordaci
874 885 985 974 patuit
1004 883 1218 974 rigidissima
1237 906 1365 965 serrae,

517 1057 561 1124 Et
582 1054 697 1123 varios
720 1055 811 1122 ultro
827 1054 918 1122 fetus
936 1054 1031 1121 varia
1050 1052 1165 1120 induit
1181 1055 1297 1121 arbos.

560 1223 763 1295 Stramineo
781 1223 913 1290 interea
933 1239 1022 1290 tecto
1043 1224 1085 1290 de
1104 1220 1238 1288 vimine
1257 1219 1361 1288 cistas

515 1401 597 1464 Arte
616 1394 695 1462 rudi
715 1393 838 1462 intexit
856 1410 1124 1483 postremosque
1143 1390 1249 1458 ubere
1268 1408 1390 1480 partus

516 1561 697 1632 Sustentat
713 1561 878 1652 genitrix,
898 1560 1098 1648 mulcetque
1117 1558 1152 1626 in
1172 1557 1309 1625 somnia
1330 1573 1434 1624 cantu
1451 1579 1460 1644 3

515 1729 684 1817 Quorum
703 1753 743 1797 ea
761 1730 846 1797 dum
865 1728 973 1796 simas
993 1750 1096 1795 nares
1116 1726 1340 1815 frontemque
1358 1726 1553 1808 reductam,

516 1899 700 1965 Exstantes
719 1898 829 1964 malas
847 1915 879 1964 et
896 1918 1010 1964 crassa
1032 1894 1158 1962 labella
1173 1912 1303 1974 tuetur,

514 2065 665 2157 Singula
685 2066 772 2134 laeta
791 2066 928 2155 probat,
948 2088 1055 2154 seque
1073 2063 1270 2132 admiratur
1291 2063 1326 2131 in
1347 2061 1428 2145 illis,

515 2235 758 2323 Securumque
776 2233 844 2302 sibi
862 2234 1012 2323 spondet
1030 2233 1192 2323 prolique
1211 2249 1401 2301 senectam.

516 2402 612 2471 Huic
632 2425 775 2493 quoque
792 2441 835 2452 -
848 2402 987 2493 relligio
1003 2401 1116 2469 caecis
1136 2425 1225 2490 quae
1243 2402 1317 2468 sola
1335 2399 1453 2469 relicta
1471 2417 1534 2480 est,
1555 2440 1598 2448 —

513 2571 697 2661 Appendit
717 2572 807 2639 collo
824 2571 979 2662 magicas
995 2573 1038 2639 de
1056 2570 1184 2639 cortice
1204 2571 1333 2649 larvas,

514 2740 684 2810 Carmina
706 2764 750 2807 ne
768 2739 855 2808 forte
873 2739 1026 2808 officiant
1042 2739 1178 2806 oculive
1199 2755 1376 2806 nocentes.

512 2913 559 2977 At
579 2908 678 2998 pueri
698 2908 830 2998 quibus
851 2927 902 2976 est
919 2909 1026 2998 paulo
1044 2908 1114 2975 iam
1132 2908 1270 2976 firmior
1286 2925 1393 2988 aetas,

516 3076 740 3158 Discurrunt,
764 3077 950 3166 variosque
970 3076 1063 3145 cient
1080 3099 1143 3166 per
1162 3077 1316 3166 compita
1338 3077 1449 3158 lusuS,

514 3247 558 3312 Et
574 3245 728 3313 clamore
746 3246 840 3313 locos
859 3246 1008 3335 implent
1026 3247 1170 3336 risuque
1192 3247 1321 3328 soluto,

514 3414 777 3504 Excipiamque
795 3437 878 3482 suos
896 3417 1056 3494 reduces,
1076 3417 1316 3504 praedamque
1339 3431 1529 3504 receptant.

514 3582 685 3651 Protinus
702 3582 856 3651 admotis
873 3601 1052 3653 torrentur
1070 3584 1202 3651 viscera
1223 3585 1346 3673 prunis

511 3752 704 3818 'sectorum
722 3751 755 3818 in
776 3751 896 3820 medio
913 3776 923 3834 ς
944 3770 1173 3842 ventremque
1191 3754 1329 3842 explere
1351 3752 1462 3821 lerina

516 3921 704 3986 Laetantur
725 3942 884 4008 puraque
903 3919 998 3988 sitim
1017 3920 1234 4012 restinguere
1257 3922 1400 4010 lympha
1419 3947 1428 4001 ς

513 4088 670 4155 Eventus
688 4110 750 4155 nec
769 4110 841 4155 non
858 4111 958 4157 amor
978 4107 1029 4157 est
1046 4111 1188 4157 narrare
1209 4109 1378 4171 recentes,

513 4255 673 4323 Pellibus
690 4257 799 4324 eflulti
819 4257 931 4325 donec
947 4259 1032 4326 dant
1049 4281 1196 4346 corpora
1215 4281 1356 4341 somno,

513 4425 587 4492 Nec
605 4425 699 4493 venit
718 4426 752 4493 in
772 4443 929 4494 mentem
949 4450 1023 4495 sors
1040 4445 1077 4495 ut
1096 4445 1251 4496 mutetur
1269 4427 1303 4495 in
1324 4428 1437 4495 horas.

557 4593 691 4661 lnlidae
709 4595 768 4662 sed
785 4594 881 4662 enim
901 4617 963 4683 per
980 4614 1077 4663 muta
1096 4597 1235 4665 silentia
1252 4598 1356 4664 lunae
