3972 5654
945 605 1200 650 EPIGRAMMATA

875 861 915 927 lu
940 881 1098 927 canantur
1125 881 1286 928 sraruuu

617 1099 722 1188 Quae
739 1099 835 1190 fugat
853 1100 1010 1167 immites
1030 1099 1192 1169 Helvetia
1212 1116 1329 1167 nostra
1350 1117 1533 1189 tyrannos,

664 1267 907 1338 Gambrinum
926 1269 1053 1336 merito
1069 1268 1160 1336 tollit
1177 1269 1219 1336 ad
1238 1285 1329 1336 astra
1350 1269 1491 1336 ducem.

617 1439 748 1507 Tristia
766 1438 938 1507 nimirum
957 1439 1102 1528 reliquis
1122 1439 1208 1506 dum
1228 1456 1361 1528 sceptra
1379 1457 1567 1529 geruntur,

663 1608 734 1676 Pro
752 1626 889 1697 sceptro
908 1609 964 1676 hic
979 1608 1087 1676 alicae
1104 1609 1229 1697 pocula
1248 1609 1335 1675 laeta
1353 1626 1457 1676 tenet.

876 1831 915 1898 lu
940 1852 1113 1899 sscuuuas
1137 1853 1280 1898 uurrms

617 2053 736 2122 Altera
754 2071 832 2144 post
848 2053 986 2122 obitum
1006 2054 1125 2122 uxoris
1142 2055 1198 2122 cui
1214 2053 1356 2121 ducitur
1373 2075 1474 2134 uxor,

665 2223 746 2290 Non
768 2223 883 2291 hercle
902 2223 930 2291 is
948 2223 1100 2312 priscam
1118 2224 1382 2291 contumulasse
1398 2241 1521 2291 meret.

778 2450 832 2515 Au
859 2469 1030 2514 uutuznuu
1056 2467 1320 2513 assau‘mroar-:n

620 2668 782 2750 «Unica,
805 2668 1017 2756 proclamas,
1035 2667 1127 2735 mala
1150 2667 1206 2734 vix
1223 2667 1456 2756 deprenditur
1474 2689 1607 2734 uxor.»

663 2835 737 2906 Cur
754 2853 871 2905 tamen
891 2836 981 2906 hanc
999 2854 1116 2904 censet
1133 2836 1283 2926 quilibet
1299 2859 1374 2903 esse
1393 2836 1520 2904 suam?

914 3059 1029 3126 illutus
1053 3081 1204 3126 nvuurus

618 3281 738 3348 Altera
756 3280 783 3347 si
805 3298 932 3349 coeunt
949 3299 1053 3370 atque
1074 3281 1180 3348 altera
1202 3279 1334 3348 femina
1351 3303 1447 3362 casu,

664 3448 784 3517 Tertia
802 3468 886 3518 tunc
902 3450 1030 3517 absens
1049 3450 1191 3538 vapulat
1209 3472 1320 3538 usque
1339 3449 1491 3538 probris.

914 3671 1005 3760 Quia
1025 3674 1239 3740 uauuosron?

624 3893 778 3980 Vipereo
797 3916 952 3982 nequam
974 3894 1067 3961 laesa
1083 3910 1135 3961 est
1153 3892 1361 3961 muliercula
1380 3894 1484 3962 dente
1501 3916 1509 3978 3

666 4063 740 4130 Nec
757 4062 876 4131 minus
892 4063 976 4130 haec
994 4062 1103 4148 vivit3
1124 4064 1243 4152 vipera
1262 4080 1364 4152 rupta
1383 4062 1481 4130 iacet.

960 4285 1152 4352 Drsrruauo

621 4505 706 4572 Esse
724 4523 874 4595 putasne
893 4527 1012 4596 magas
1029 4506 1134 4596 vulgo
1154 4505 1244 4572 mala
1262 4505 1338 4572 dira
1356 4505 1537 4572 serentes?
1558 4543 1600 4552 -

667 4673 748 4740 Non
768 4673 931 4761 equidem
952 4698 961 4754 3
984 4696 1104 4741 socrus
1122 4675 1181 4740 sed
1201 4691 1317 4740 tamen
1337 4695 1411 4740 esse
1429 4671 1552 4760 liquet.
