3928 5580
738 528 854 574 PUGNA
880 529 1099 574 NOMENTANA

332 699 479 768 Vincere
496 700 569 767 sire
587 701 708 768 datum
727 720 778 769 est
799 724 963 784 numeru,
984 724 1211 792 pugnamque
1229 703 1396 792 diemque

329 865 507 950 Oderunt,
526 885 664 936 tantnm
685 869 797 937 instar
814 869 920 937 habet
938 869 1083 938 victoria
1100 870 1221 937 cladis.

330 1037 401 1102 Vos
422 1037 551 1104 nostris
569 1055 687 1119 testeS,
705 1039 890 1108 Ciminum
910 1039 1089 1130 surgentia
1108 1038 1202 1107 iuxta

329 1205 486 1288 Moenia,
505 1206 656 1274 Taurini
676 1207 789 1275 fontes
808 1226 840 1274 et
858 1209 986 1276 Brlnea
1008 1209 1129 1299 Regis,

327 1374 433 1440 lllons
451 1391 483 1442 et
501 1393 536 1442 tu
557 1375 644 1442 Briti
663 1395 923 1467 praeruptaque
943 1379 1079 1446 Nerula
1099 1397 1131 1445 et
1148 1379 1236 1446 altae

326 1546 522 1635 Sublaquei
542 1547 708 1637 Eretique
727 1569 822 1614 arces
839 1565 872 1614 et
889 1547 1013 1616 Curtia
1031 1547 1142 1614 Vallis
1162 1553 1170 1590 ¹
1191 1551 1196 1612 !

324 1718 376 1783 Te
394 1739 552 1806 quoque,
572 1736 603 1784 te
621 1735 741 1798 testor,
760 1717 914 1806 Capitoli
934 1716 1120 1784 immobile
1138 1738 1262 1784 saxum
1282 1721 1288 1782 ἔ

326 1887 507 1974 Namque,
528 1885 585 1953 ubi
606 1908 667 1974 per
685 1885 818 1953 furtum
838 1885 1064 1974 tenebrisque
1082 1884 1283 1953 faventibus
1305 1885 1393 1956 Urbi

326 2055 554 2123 Praedonum
575 2077 702 2121 manus
720 2054 874 2144 irrepsit,
894 2054 959 2122 sibi
981 2055 1126 2145 iungere
1144 2053 1238 2122 cives

325 2224 363 2290 ln
383 2223 519 2290 lacinus
536 2241 685 2308 tentant,
704 2245 895 2312 caecosque
912 2223 1003 2291 ciere
1025 2225 1212 2291 tumultus.

323 2392 424 2480 Quin
446 2395 550 2459 etiam
571 2392 719 2460 infernis
738 2392 977 2482 procumbunt
995 2393 1129 2459 artibus
1147 2392 1250 2459 aedes

324 2560 436 2628 Milite
454 2582 649 2650 possessae,
669 2562 889 2650 miserosque
908 2561 1012 2629 ruina
1031 2579 1198 2650 penatum

321 2727 507 2818 Opprimit
525 2755 532 2796 :
554 2751 665 2818 usque
683 2731 770 2797 adeo
787 2728 890 2796 cessit
906 2728 957 2796 las
974 2752 1082 2796 omne
1099 2727 1221 2796 furori.

366 2897 426 2966 Nil
446 2897 505 2965 ubi
524 2897 694 2987 dispersis
714 2897 873 2965 Nicaeno
891 2897 1026 2965 viribus
1043 2915 1173 2980 actum,

320 3066 503 3136 Continuo
520 3068 618 3134 sedet
636 3066 720 3133 haec
738 3067 859 3133 animo
876 3065 1062 3148 sententia,
1084 3066 1192 3133 robur

318 3236 552 3318 Contrahere,
570 3237 778 3325 assultuque
794 3234 892 3325 gravi
909 3234 1051 3302 turbare
1070 3234 1246 3323 Quirites.

319 3408 539 3474 Nomentum
558 3429 594 3474 se
613 3406 692 3474 ideo
710 3406 830 3474 multis
847 3428 927 3474 cum
947 3405 1105 3474 millibus
1123 3403 1241 3488 infert,

320 3577 519 3644 Extremam
540 3575 621 3643 inde
642 3597 786 3642 manunt
805 3573 897 3642 bello
917 3573 1147 3663 impositurus
1165 3563 1302 3662 iniquo

319 3743 393 3811 Nec
411 3766 472 3810 sua
490 3761 602 3811 castra
620 3744 712 3811 fovet
729 3742 842 3810 lessus
862 3761 1067 3810 metuensve
1087 3741 1247 3810 laborum

318 3911 500 3979 Pontificis
519 3912 644 3980 miles:
665 3912 895 4001 requiemque
915 3933 1103 3999 morasque
1123 3932 1268 3998 perosus

315 4081 439 4171 Carpit
457 4081 538 4149 iter:
559 4081 668 4149 fertur
685 4081 871 4150 Gallorum
890 4099 1053 4171 praepete
1071 4102 1192 4169 gressu

318 4249 577 4340 Belgarumque
595 4250 763 4340 phalanx,
783 4248 899 4316 Araba
917 4271 1007 4338 quos
1027 4271 1108 4316 voce
1129 4249 1267 4315 Zuavos

421 4482 532 4550 ¹Quae
564 4481 672 4552 oppida
694 4497 774 4536 nune
806 4480 883 4535 ltalis
911 4479 1052 4535 dicuntur
1086 4478 1215 4540 Vita-bo,
1244 4478 1489 4549 ,aquapendente

315 4604 483 4676 Bugrtorea,
494 4604 599 4658 ,llortte
610 4603 750 4668 Libretti,
762 4602 885 4667 Nerola
896 4602 918 4655 S
922 4603 1036 4664 trbr'nco,
1046 4599 1288 4656 Monterotondo.
1306 4599 1488 4652 Valleeorsn.
