3942 5592
714 546 817 591 lUDAS
843 545 1066 592 MllCllABAEUS

392 719 554 789 Alcimus
571 719 703 788 interea
722 737 803 787 voto
824 719 1006 787 fraudatus
1025 719 1150 808 iniquo

350 889 432 957 Non
454 905 573 955 tamen
591 887 740 970 absistit,
764 910 887 956 verum
908 888 975 955 hoc
995 887 1194 977 impensius
1216 906 1315 978 urget

350 1057 593 1147 Propositum,
611 1057 804 1145 miscetque
823 1058 941 1125 aulam
960 1057 1189 1146 stimulatque
1209 1074 1402 1147 regentem,

347 1229 424 1295 Nec
444 1249 577 1294 cessare
599 1244 696 1294 vacat
716 1228 828 1294 donec
844 1250 905 1316 spe
926 1227 1052 1294 ductus
1075 1226 1171 1294 inani

349 1396 519 1477 Exsultau
539 1395 671 1485 coeptis
692 1394 797 1463 veluti
818 1395 907 1462 nihil
926 1395 1081 1484 amplius
1099 1395 1225 1464 obstet.

344 1564 548 1650 Obsignata
564 1563 644 1631 duci
667 1564 773 1652 regali
798 1564 910 1631 littera
932 1586 1073 1654 gemma

349 1733 536 1816 Redditur,
556 1751 589 1801 et
607 1733 722 1801 verbis
740 1734 876 1801 lentum
895 1733 1039 1824 castigat
1058 1733 1204 1801 amaris:

349 1903 433 1970 Non
453 1902 501 1969 illi
521 1924 643 1992 pacem
661 1903 774 1970 colere
793 1920 825 1970 et
842 1924 1056 1992 componere
1076 1901 1201 1969 foedus

350 2071 597 2160 Praeceptum,
617 2072 791 2160 populum
808 2073 868 2139 sed
887 2071 983 2138 enim
1002 2071 1142 2140 frenare
1159 2071 1340 2154 rebellem,

348 2239 623 2329 Turbarumque
645 2259 750 2330 caput
767 2241 951 2308 dominam
970 2242 1153 2309 traducere
1171 2240 1206 2308 in
1230 2241 1355 2308 urbem

349 2409 615 2490 Constrictum3
638 2432 746 2497 quare
766 2409 868 2476 nihili
889 2409 955 2477 nisi
977 2409 1087 2500 gratia
1106 2409 1197 2500 regis

352 2578 544 2661 Pendattm
566 2600 655 2666 quae
676 2578 794 2646 iussus
814 2596 904 2668 agat.
927 2579 1094 2646 Mandata
1113 2579 1239 2669 legenti

350 2749 484 2836 Aspera
506 2765 745 2836 prorumpunt
762 2769 870 2834 aegro
889 2747 1039 2837 suspiria
1057 2748 1174 2828 corde,

351 2917 394 2984 Et
412 2917 502 2984 male
523 2939 726 3006 compresso
743 2917 930 3008 tinguntur
949 2917 1084 2985 lumina
1103 2919 1199 2985 fletu.

353 3085 434 3151 Non
453 3101 569 3152 tamen
588 3085 644 3152 ille
666 3085 726 3153 diu
746 3108 915 3175 suspensa
938 3106 1055 3154 mente
1075 3103 1238 3154 tenetur:

352 3253 528 3343 Frangere
547 3271 648 3344 turpe
667 3255 772 3322 fidem
790 3255 974 3337 succurrit,
995 3255 1134 3344 turpius
1152 3256 1219 3321 alta

353 3421 531 3510 Linquere
551 3421 714 3490 fortunae
732 3423 863 3490 misero
883 3423 1020 3513 fastigia
1042 3446 1133 3491 casu.

349 3595 396 3658 At
415 3592 546 3680 patriae
567 3592 723 3660 retinens
741 3592 867 3660 vitium
885 3615 1075 3660 commune
1093 3591 1265 3682 bilinguis

353 3762 579 3851 Compositos
597 3762 722 3830 retinet
743 3763 873 3842 vultuS,
892 3785 1084 3851 secumque
1106 3763 1238 3831 volutat

353 3931 452 3999 Mille
469 3933 583 4014 dol0s‚
602 3932 715 4021 plebis
735 3932 884 4000 minimo
901 3955 980 4000 cum
1000 3954 1185 4000 murmure
1206 3932 1308 3998 talem

353 4103 397 4170 Et
413 4119 550 4170 tantum
572 4102 599 4168 si
618 4101 705 4170 forte
725 4102 841 4170 virum
862 4103 1116 4191 comprendere
1136 4101 1257 4190 possit.

355 4273 436 4339 Non
457 4272 536 4340 ideo
553 4273 710 4340 inversae
726 4272 983 4339 Machabaeum
1001 4271 1120 4339 tenuia
1137 4271 1266 4338 mentis

355 4440 464 4531 Signa
486 4442 593 4509 latent
610 4442 806 4529 quaedam:
827 4441 1001 4509 demissae
1018 4441 1141 4509 nubila
1157 4439 1284 4507 frontis

354 4612 397 4679 Et
418 4634 519 4678 voces
538 4629 635 4679 notat
650 4611 836 4702 ambiguas
855 4611 1017 4700 risusque
1035 4629 1171 4678 coactos
