3970 5580
739 535 785 578 nl)
812 536 971 580 lUVENElt
999 536 1122 582 saTltta

346 705 484 796 Nempe
503 706 583 774 ideo
600 729 768 797 campum
786 708 906 776 rastris
925 709 1106 777 inverterit
1123 711 1223 792 alter,

342 876 498 944 Alterius
523 878 668 946 cumulo
690 897 727 945 ut
746 898 887 968 rumpat
907 880 1068 969 granaria
1088 879 1240 947 messis?

341 1043 536 1134 Splendida
557 1047 728 1115 divitibus
745 1048 806 1138 qui
825 1048 989 1116 struxerit
1006 1049 1093 1116 atria
1112 1050 1210 1131 luxu,

343 1215 421 1304 lpse
439 1237 517 1282 casa
537 1216 673 1284 labente
692 1217 819 1284 hiemis
840 1217 930 1284 male
951 1217 1079 1307 frigora
1099 1218 1232 1306 pellet?

341 1385 450 1451 Missa
469 1407 575 1452 manu
594 1388 737 1454 tandem
758 1387 815 1453 fiat
833 1387 932 1475 plebs
949 1386 1056 1478 digna
1075 1386 1148 1454 suis
1165 1409 1255 1476 quae

339 1553 385 1624 Se
403 1573 499 1644 regat
516 1555 704 1645 auspiciis!
724 1554 826 1643 Quid
846 1577 1011 1645 rumpere
1031 1556 1169 1623 vincula
1191 1575 1352 1624 rtrussant

338 1724 561 1814 Magnamini
579 1725 686 1808 cives,
706 1728 853 1792 heroum
875 1743 966 1792 certa
985 1728 1170 1814 propago?

338 1894 419 1961 lura
438 1913 560 1984 negata
578 1893 644 1960 sibi
665 1894 838 1983 praesenti
858 1895 972 1961 Marte
991 1913 1188 1984 reposcant,

336 2061 606 2153 Obstupeatque
625 2081 728 2130 tuens
746 2062 843 2130 lactis
861 2062 1065 2154 ingentibus
1083 2064 1178 2131 orbis
1197 2069 1203 2130 l

334 2232 484 2299 Talibus
503 2249 539 2298 ut
556 2230 708 2299 stimulis
726 2231 891 2299 exarserit
909 2233 958 2299 ira
977 2234 1134 2322 popell0‚

335 2401 462 2472 Suffice
481 2401 515 2467 in
536 2403 600 2468 hos
618 2424 703 2468 usus
720 2418 860 2491 aggesta
879 2401 1079 2468 volentibus
1096 2423 1207 2481 arma,

335 2572 377 2638 Et
396 2569 510 2637 civilis
528 2588 582 2637 eat
598 2569 741 2659 signum
759 2569 825 2637 cita
841 2588 970 2637 tessera
988 2569 1084 2636 belli.

335 2742 429 2807 Dum
454 2739 689 2807 debacchatur
706 2761 833 2805 vesana
851 2738 996 2828 viasque
1013 2756 1172 2805 cruentat

332 2907 481 2990 seditio,
500 2909 657 2996 prudens
674 2906 757 2974 laris
777 2907 868 2975 inter
885 2924 959 2974 tuta
981 2907 1119 2988 latebis,

331 3083 448 3167 Atque
465 3095 581 3145 cutem
602 3077 742 3144 curabis
760 3076 869 3159 iners,
887 3098 972 3166 quo,
991 3076 1019 3143 si
1038 3077 1129 3143 male
1148 3093 1257 3143 vertat

333 3248 402 3314 Res
420 3246 537 3328 sociis,
556 3245 705 3335 ausique
723 3246 821 3313 luant
841 3245 875 3311 in
893 3267 1029 3313 carcere
1047 3267 1193 3335 poenas,

332 3417 412 3483 Non
432 3416 521 3482 bene
540 3433 721 3504 perspecto
739 3416 850 3482 solvat
871 3433 902 3481 te
919 3413 1069 3482 crimine
1088 3413 1206 3482 iudex.

329 3589 393 3652 Ast
411 3583 469 3651 ubi
488 3607 558 3651 non
578 3583 709 3651 dubius
727 3583 851 3651 reseret
867 3583 1067 3672 speculator
1082 3582 1215 3671 ubique

328 3753 517 3822 Victricem
535 3775 678 3821 causam
700 3753 838 3843 populi,
858 3775 973 3842 neque
991 3753 1133 3820 tendere
1151 3769 1272 3820 contra

330 3923 488 3992 Ulterius
505 3944 739 4012 quemquam,
757 3943 858 3988 coeca
876 3920 1065 3988 formidine
1086 3937 1205 4009 captos

329 4093 456 4158 Deesse
475 4090 541 4157 sibi
561 4112 734 4180 proceres,
755 4091 897 4179 pulsum
918 4091 994 4157 sine
1014 4089 1151 4157 vindice
1170 4111 1303 4178 regem,

327 4261 423 4328 llicet
443 4283 461 4327 e
480 4259 615 4327 loribus
632 4259 801 4350 correptis
819 4259 970 4350 impiger
990 4260 1098 4328 armis

327 4431 508 4514 Prosilies‚
528 4454 597 4499 non
617 4455 676 4499 ore
695 4431 764 4498 alio
781 4453 889 4520 quam
908 4431 935 4498 si
956 4431 1061 4498 modo
1077 4453 1195 4522 pugna

326 4603 513 4692 Digressus
530 4619 644 4669 totum
663 4602 736 4691 ipse
755 4624 863 4669 manu
883 4601 1114 4691 prostraveris
1132 4623 1281 4691 agmen3
