3972 5654
527 512 592 578 240
807 513 962 558 VIRGINIS
987 513 1205 559 unruulortts
1228 513 1414 570 QUERELAE

615 686 710 776 Quis
726 685 837 770 furor,
856 709 877 754 o
895 687 1054 770 iuvenes,
1072 686 1222 778 fugienti
1241 686 1402 754 insistere
1420 686 1583 775 praedae,

661 856 701 923 ln
720 855 887 925 manibus
904 877 1017 944 quum
1035 859 1079 924 sit
1096 856 1225 946 praeda
1241 873 1360 946 parata
1378 854 1454 943 capi
1472 856 1483 921 i

618 1027 686 1109 Ne,
708 1025 850 1094 solitum
873 1025 986 1109 vobis,
1006 1025 1093 1093 mihi
1113 1025 1198 1116 quid
1216 1025 1260 1093 sit
1275 1025 1432 1115 quaerite
1453 1025 1572 1093 dotis:

662 1196 735 1262 ltos
752 1193 839 1262 mihi
862 1211 943 1262 sunt
960 1216 1090 1278 mores,
1108 1196 1172 1263 dos
1189 1194 1278 1262 mihi
1298 1195 1390 1262 fidus
1406 1216 1508 1261 amor
1527 1219 1536 1277 ς

617 1364 717 1431 Neve
734 1386 799 1454 ego
820 1363 1000 1452 paulisper
1017 1363 1132 1452 prima
1152 1363 1180 1430 si
1198 1363 1311 1431 fronte
1330 1385 1503 1453 repugn0,

662 1531 771 1621 Spem
792 1533 889 1600 tollat
907 1531 1025 1601 subito
1042 1533 1118 1600 ficta
1137 1533 1277 1622 repulsa
1296 1532 1380 1600 mei.

618 1701 807 1791 ingenium
825 1702 874 1768 sic
890 1719 941 1768 est
961 1701 1063 1769 nobis
1085 1719 1122 1769 ut
1139 1723 1222 1768 voce
1240 1723 1431 1792 gravemur

661 1870 771 1959 Quod
791 1871 877 1938 laeta
896 1870 1049 1938 nimium
1067 1890 1183 1938 mente
1204 1870 1344 1939 dedisse
1362 1871 1469 1938 iuvat.

618 2038 748 2106 Desine
765 2038 835 2106 iant
853 2041 994 2107 tandem
1015 2062 1071 2107 me
1089 2062 1164 2107 sors
1185 2062 1308 2130 urgere
1327 2039 1482 2130 maligna
1503 2067 1509 2106 :

663 2207 790 2295 Quum
811 2208 854 2274 sit
871 2230 989 2276 amare
1009 2229 1142 2290 meum,
1164 2207 1216 2276 fac
1233 2209 1301 2276 cito
1318 2210 1378 2276 des
1396 2211 1490 2298 quod
1508 2230 1639 2276 amem.

618 2375 680 2446 Sin
701 2375 834 2458 minus,
853 2394 886 2443 et
903 2398 971 2443 non
993 2375 1056 2444 ista
1077 2377 1169 2467 capit
1187 2376 1326 2445 fortuna
1345 2400 1558 2467 regressum,

664 2544 762 2612 Mors
780 2567 928 2634 propere
948 2547 1042 2613 curis
1059 2565 1166 2636 ponat
1184 2545 1296 2613 amica
1315 2547 1474 2614 modum.

617 2713 714 2781 Tum
732 2735 870 2782 memor
887 2713 988 2782 officii
1008 2717 1135 2783 condat
1155 2737 1234 2783 mea
1255 2716 1537 2804 luminantater,

665 2883 945 2972 Extremumque
962 2884 1022 2973 pio
1042 2904 1243 2953 murmuret
1259 2907 1319 2952 ore
1339 2884 1415 2952 vale
1433 2909 1440 2952 :

619 3077 640 3114 <‹
656 3053 746 3118 Nata
765 3075 826 3141 per
843 3053 1004 3121 assiduos
1021 3056 1064 3121 ad
1083 3055 1189 3122 finem
1210 3055 1358 3122 exercita
1375 3056 1505 3136 luctus,

663 3220 730 3290 Cui
749 3242 845 3289 mors
863 3221 898 3288 in
917 3222 1027 3306 iucr0,
1048 3222 1116 3289 vita
1136 3223 1289 3291 dolenda
1307 3223 1386 3306 fuit,

619 3391 725 3458 Nunc
745 3392 867 3459 saltem
883 3391 1011 3460 merito
1029 3392 1146 3482 regnis
1165 3393 1298 3481 potiare
1317 3394 1495 3482 supernis,

664 3559 795 3629 Nullus
813 3559 873 3628 ubi
894 3579 1006 3630 versat
1023 3563 1127 3630 corda
1149 3562 1320 3652 profanus
1337 3585 1449 3631 amur.
1466 3591 1485 3628 »
