3972 5654
817 551 950 596 PASTOR
970 550 1081 595 BONUS

432 731 502 802 Sed
522 749 554 798 te
573 731 665 819 finge
683 727 787 795 etiam
806 726 912 793 rietus
929 724 1056 792 vitasse
1074 723 1229 791 serarum

476 841 777 983 Praedonuritque
794 893 896 960 dolos
914 891 1204 980 mortilerantque
1223 892 1318 958 luem
1338 915 1347 971 ς

430 1067 491 1137 Nil
510 1065 621 1156 egisse
644 1082 741 1153 puta,
758 1062 821 1129 tibi
838 1060 936 1128 enim
954 1059 1014 1149 qui
1034 1060 1180 1128 vertitur
1201 1083 1318 1127 annus

473 1235 576 1306 Certa
599 1232 727 1323 pericla
745 1230 859 1321 magis
877 1251 939 1297 nec
956 1231 1154 1318 superanda
1173 1229 1280 1296 vehit.

425 1406 607 1492 Tempora
626 1400 717 1468 veris
734 1417 838 1468 eunt:
858 1401 1015 1489 zephyro
1032 1399 1144 1466 laxata
1161 1398 1292 1487 tepenti

471 1572 639 1640 Floribus
657 1588 690 1638 et
707 1569 805 1637 vario
822 1569 981 1660 germine
1000 1569 1091 1636 ridet
1108 1569 1252 1636 humus.

424 1740 608 1809 Plurimus
630 1739 782 1806 illudens
800 1736 966 1804 viridanti
985 1735 1146 1826 gramine
1165 1736 1262 1804 rivus

468 1906 674 1996 Perspicuis
690 1904 822 1996 passim
845 1905 921 1972 lene
939 1922 1099 1971 susurrat
1116 1904 1229 1992 aquis.

426 2077 522 2144 Hinc
539 2074 710 2142 libertatis
729 2073 824 2140 venit
839 2089 909 2140 tam
928 2073 1003 2140 dira
1021 2073 1165 2162 cupido,

466 2242 681 2332 Lascivaque
699 2242 785 2309 libet
800 2263 942 2331 carpere
961 2259 1058 2331 prata
1077 2240 1170 2332 fuga.

422 2414 528 2480 Nunc
545 2413 692 2480 tondere
709 2413 806 2478 iuvat
823 2428 961 2478 teneras
981 2413 1024 2478 de
1046 2411 1189 2500 palmite
1208 2410 1367 2495 frondes,

463 2582 654 2669 Pronaque
676 2603 770 2648 nunc
792 2579 898 2648 undis
915 2603 976 2648 ora
995 2581 1107 2670 rigare
1126 2581 1233 2671 vagis.

416 2751 550 2818 Verum
570 2748 630 2816 ubi
648 2749 757 2817 tristis
774 2749 890 2816 hiems
908 2749 980 2817 ruri
998 2750 1170 2818 subducet
1189 2751 1376 2834 bonorem,

462 2919 661 3007 Eludetque
679 2918 776 2986 sitim
794 2918 938 3008 lympha
956 2919 1112 2986 revincta
1130 2919 1225 3009 gelu,

415 3087 516 3177 Quid
533 3087 597 3154 tibi
616 3087 744 3154 mentis
761 3087 851 3155 erit?
870 3087 1109 3177 nequicquam
1127 3105 1214 3157 tecta
1235 3089 1395 3178 requires

460 3253 612 3346 Hospita
630 3255 805 3324 :ieiunum
823 3257 950 3324 bruma
969 3257 1108 3325 necabit
1124 3258 1232 3326 iners.

414 3426 555 3493 Funere
576 3425 701 3492 nelias
721 3425 836 3493 luctus
853 3425 943 3493 milri
964 3448 1067 3494 causa
1086 3427 1267 3517 perennis,

455 3595 511 3660 Ad
529 3594 647 3660 caulas
664 3615 827 3683 propere,
846 3596 933 3662 dum
951 3595 1043 3696 licet,
1062 3618 1165 3686 agne,
1185 3597 1271 3665 redi.

412 3761 566 3829 Insidiae
585 3764 705 3851 procul
724 3763 805 3830 binc
823 3764 973 3832 aberunt
993 3782 1154 3854 artesque
1175 3767 1317 3834 dolosae
1337 3793 1345 3834 :

454 3931 634 4020 Tempora
652 3953 794 3999 securae
816 3933 918 4021 plena
936 3933 1066 4021 quietis
1083 3956 1175 4025 ages.

410 4099 545 4166 Pabula
563 4099 734 4167 sufficiam
752 4124 841 4191 quae
860 4102 919 4191 qui
939 4103 1048 4170 semel
1066 4104 1181 4190 attigit
1196 4127 1270 4185 ore,

455 4267 537 4334 Non
556 4267 717 4335 rabidam
736 4270 879 4358 posthac
900 4273 1025 4339 sentiet
1043 4273 1100 4340 ille
1118 4273 1272 4356 famem3

409 4433 541 4503 Pocula
559 4438 737 4525 praebebo
754 4461 843 4527 quae
861 4439 889 4506 si
908 4440 988 4529 quis
1005 4442 1148 4510 traxerit
1168 4444 1311 4525 haustu,

452 4604 618 4672 Protinus
636 4609 777 4676 excedet
794 4631 863 4676 non
883 4611 1038 4680 reditura
1057 4611 1144 4680 sitis.
