3970 5580
809 571 966 618 SUSANNA

297 745 509 836 Arguimur,
527 761 734 833 castumque
751 745 842 812 dolis
862 763 1014 814 tentasse
1031 745 1161 814 cubile.

299 915 424 1004 Usque
441 914 528 981 adeo
550 913 648 1003 puris
664 935 771 981 omne
791 913 959 982 enituisse
978 937 1040 1004 per
1056 937 1182 983 aevum

299 1082 464 1151 Moribus
481 1100 514 1150 et
534 1083 668 1172 populo
686 1081 782 1150 iuvat
800 1082 1018 1172 impendisse
1035 1088 1238 1151 senectam!

299 1253 354 1319 Ne
372 1268 489 1319 tamen
512 1251 594 1319 huic
613 1269 735 1319 noceat
752 1253 847 1340 quod
869 1274 934 1318 nos
952 1251 1126 1320 incessere
1145 1252 1267 1343 lingua

296 1425 394 1489 Ausa
415 1422 459 1488 sit
474 1421 705 1488 :offensamne
724 1419 887 1487 homines
909 1419 1063 1509 perferre
1080 1442 1283 1512 gravemur,

299 1588 460 1657 Rectoris
477 1591 620 1678 quando
635 1588 739 1678 periit
757 1589 952 1657 reverentia
971 1589 1103 1656 summi
1121 1591 1131 1656 Ξ

298 1759 437 1846 Fasque
455 1758 590 1825 utinam
609 1757 714 1826 fuerit
730 1758 873 1848 cuipam
895 1757 1038 1825 reticere
1055 1757 1209 1847 priorem
1230 1761 1235 1822 !
1259 1785 1275 1823 »

295 1926 356 1998 Sic
377 1926 437 1995 ubi
456 1926 548 1994 fatus
565 1926 703 2010 Achab,
724 1927 841 1994 iussus
859 1948 1002 1994 narrare
1019 1926 1150 1994 sodalis

298 2098 396 2165 Haec
413 2095 536 2164 eadem
556 2113 717 2184 repetens
736 2094 851 2162 verbis
869 2117 979 2184 prope
998 2094 1110 2163 reddit
1127 2095 1261 2164 eisdem
1283 2123 1290 2162 :

297 2264 487 2333 Imminuit
506 2263 614 2331 nimia
634 2263 709 2353 ipsa
726 2264 831 2332 iidem
847 2263 1033 2332 concordia
1051 2262 1165 2331 dictis.

341 2433 479 2502 Deinde
500 2455 579 2500 reae
595 2449 782 2522 postquam
801 2432 896 2499 fandi
916 2449 967 2499 cst
983 2432 1099 2500 oblata
1116 2432 1278 2516 facultas,

294 2601 369 2671 Ora
391 2602 591 2669 verecundo
610 2600 665 2668 his
681 2601 758 2668 infit
776 2601 908 2668 suffusa
931 2601 1082 2669 rubore:

296 2771 439 2838 «Nulla
457 2769 547 2837 mihi
565 2769 729 2859 quamvis
750 2769 894 2859 pariunt
912 2769 1038 2838 delicta
1058 2771 1245 2859 pudorem,

297 2938 490 3007 Infandum
510 2939 626 3027 pudor
641 2956 691 3005 est
709 2939 822 3006 scelus
836 2937 1022 3006 admisisse
1041 2937 1166 3020 videri,

296 3107 396 3176 Dicta
414 3129 478 3174 nec
496 3107 644 3174 istorum
664 3105 853 3174 manifesto
872 3129 973 3194 posse
992 3105 1115 3173 refelli.

296 3275 407 3364 Quod
426 3298 545 3364 super,
566 3275 721 3366 ingenuo
740 3275 894 3365 pandam
916 3275 978 3342 tibi
998 3292 1136 3363 pectore
1158 3297 1292 3344 casum.

295 3444 485 3535 Spargeret
502 3444 653 3512 aestivos
673 3466 785 3532 quum
804 3443 854 3510 soi
874 3443 1070 3511 altissimus
1088 3443 1199 3534 ignes,

296 3615 339 3680 Et
357 3614 465 3681 modo
482 3613 638 3703 digressa
657 3611 816 3701 pomaria
835 3611 936 3701 plebe
956 3630 1131 3692 vacarent,

297 3781 440 3849 Limine
458 3783 609 3870 procedo
626 3780 769 3849 famulis
786 3780 950 3848 comitata
969 3781 1122 3860 duabus,

293 3955 410 4039 Atque
429 3973 516 4040 vago
535 3973 639 4040 passu
660 3950 790 4017 virides
808 3949 955 4039 spatiata
974 3972 1037 4038 per
1054 3950 1173 4017 hortos

295 4119 335 4186 ln
352 4119 427 4186 ioca
445 4117 610 4200 devenio,
629 4117 796 4185 scatebris
815 4139 876 4205 per
893 4139 974 4184 saxa
994 4117 1136 4186 volutus

296 4289 391 4355 Fons
409 4286 470 4355 ubi
490 4286 653 4377 pumiceo
671 4303 807 4376 stagnat
824 4285 1027 4375 perlucidus
1045 4304 1158 4354 antro.

294 4455 461 4524 Aestibus
481 4455 617 4546 ignavis
638 4453 885 4537 suadentibus,
907 4453 1038 4522 arbiter
1054 4454 1174 4522 omnis

293 4625 454 4714 Quando
471 4624 592 4692 aberat
612 4625 728 4714 longe,
750 4663 793 4672 -
811 4622 964 4690 nimium
984 4623 1032 4690 sic
1049 4624 1190 4692 credula
1209 4625 1323 4706 rebar,
1336 4666 1378 4676 —
