3972 5654
494 460 560 524 300
937 479 982 522 110
1004 478 1144 522 uuonan
1166 479 1228 522 xur

542 652 720 724 Sternitur
738 669 770 719 et
787 652 977 719 dominum
996 650 1149 718 devolvit
1166 650 1210 717 ab
1228 673 1352 740 aggere
1366 673 1504 730 curtus,

587 822 837 909 Intentamque
855 820 922 887 sibi
944 819 999 886 vix
1016 819 1105 908 sugit
1125 820 1182 887 ille
1201 841 1335 886 necem.

543 990 637 1058 Hinc
656 989 775 1057 videas
797 989 887 1055 lasso
908 988 1121 1078 iampridem
1142 988 1258 1056 iudice
1279 989 1408 1055 densos

585 1158 763 1228 Obstricta
782 1159 907 1247 laqueo
928 1157 1026 1224 fauce
1046 1157 1159 1247 perire
1178 1179 1267 1224 reos.

542 1329 629 1406 Nec,
648 1327 752 1393 simul
775 1349 813 1394 ac
832 1325 939 1393 laevis
958 1326 1068 1394 illusit
1087 1326 1268 1394 mentibus
1285 1348 1396 1401 error,

586 1496 772 1565 Carnificis
793 1497 908 1562 vultus
925 1497 1017 1562 culta
1040 1496 1154 1584 puella
1174 1495 1300 1563 tremit.

539 1662 628 1752 Quo
646 1665 758 1753 magis
774 1681 924 1746 arcetur,
947 1663 1059 1753 tnagis
1078 1663 1158 1730 inde
1179 1662 1317 1730 insania
1334 1663 1469 1730 crescit.

588 1834 630 1900 Et
651 1832 730 1921 plus
751 1850 848 1921 parte
869 1849 963 1899 tenet
981 1851 1072 1898 secta
1091 1831 1223 1898 nefasta
1241 1833 1318 1898 soli.

542 2002 624 2071 Una
642 2001 736 2068 salus
756 2001 827 2068 visa
846 2019 897 2068 est
915 2023 1023 2089 regno
1042 2001 1258 2068 moderatius
1277 2001 1340 2082 011,

587 2171 630 2238 Et
647 2169 711 2236 tibi
729 2169 941 2239 Caesareum
961 2170 1124 2252 subdere,
1146 2171 1274 2252 Roma,
1293 2189 1410 2259 caput.

538 2337 735 2409 Sarmatica
753 2338 902 2428 erigitur
919 2338 1052 2408 Christi
1076 2339 1218 2428 regione
1236 2361 1406 2428 propago,

509 2535 511 2539 ¹
586 2507 625 2573 ln
645 2529 741 2573 mare
762 2529 832 2595 qua
855 2506 954 2574 lassis
971 2506 1109 2574 Vistula
1131 2507 1239 2596 serpit
1259 2507 1373 2595 aquis.

541 2675 696 2742 Damnat
713 2674 808 2743 enirn
827 2697 963 2743 errores
981 2697 1019 2742 ea
1038 2697 1137 2765 gens,
1156 2698 1246 2764 quos
1262 2675 1395 2743 extudit
1412 2675 1498 2741 olim

587 2843 751 2926 Ρ1101105,
771 2843 806 2910 in
829 2866 951 2911 verunt
969 2866 1083 2932 quum
1102 2844 1182 2911 tulit
1202 2867 1299 2912 arma
1319 2847 1447 2913 neum.

543 3013 649 3078 Nunc
667 3013 809 3079 tandein
829 3011 1003 3101 sprevisse
1021 3012 1147 3080 odium
1165 3013 1306 3080 crudele
1325 3013 1491 3103 regentis,

586 3186 701 3269 Atque
721 3180 816 3248 iuvat
833 3181 931 3248 coelo
950 3181 1113 3248 liberiore
1126 3180 1214 3248 1101.

537 3684 641 3774 Quid
660 3686 740 3752 belli
763 3710 934 3776 suspensa
952 3687 1069 3770 times,
1089 3689 1246 3777 Europa,
1265 3689 1454 3764 tumultus,

587 3854 798 3943 Feralesque
817 3856 899 3937 rieS,
922 3856 1070 3923 buccina
1089 3879 1206 3939 rauca,
1226 3859 1361 3924 sonos?

529 4028 649 4091 Arma
665 4023 783 4091 fremit
800 4026 929 4108 Teum,
948 4025 1094 4093 classem
1115 4026 1257 4094 deducit
1274 4026 1422 4106 lberus;

584 4193 723 4261 Causa:
743 4193 940 4283 peregrinis
961 4217 1083 4283 aspera
1104 4218 1184 4262 saxa
1202 4195 1309 4263 fretis.

539 4359 659 4428 Nativi
681 4360 844 4427 carbonis
863 4361 909 4427 ibi
934 4383 1016 4428 nam
1034 4363 1134 4450 copia
1151 4363 1249 4429 dives

586 4527 748 4617 Navigiis
765 4530 837 4596 alas
855 4530 951 4597 intus
969 4532 1091 4598 adusta
1111 4549 1238 4598 movet.
