3936 5578
816 543 951 587 ESTllER

300 716 472 784 Inclamat
489 715 635 782 steriles.
661 716 710 782 Ea
727 715 812 782 dum
831 715 908 783 sine
926 716 1000 805 lege
1020 734 1203 806 geruntur,

299 885 537 952 Mardocheus
558 885 714 972 prudens
735 883 877 973 lugubri
896 883 1043 951 indutus
1060 886 1188 950 amictu

300 1054 344 1121 Et
360 1071 498 1120 moesto
516 1051 710 1120 incendens
731 1052 856 1120 urbem
874 1053 1028 1120 clamore
1050 1053 1115 1120 sub
1134 1053 1214 1119 aula

296 1221 489 1292 Constitit:
512 1221 670 1310 agnoscit
688 1243 808 1289 vocem
828 1221 999 1309 plorantis
1018 1221 1155 1303 Edissa,

299 1392 421 1479 Deque
440 1389 514 1457 suis
532 1411 645 1457 unum
663 1389 771 1457 mittit
786 1406 963 1457 commota
980 1389 1165 1470 ministris,

294 1557 373 1646 Qui
392 1558 493 1626 dolor
511 1559 604 1625 unde
622 1580 749 1646 repens
769 1576 867 1625 ortus
883 1557 1026 1626 scitetur
1043 1557 1087 1625 ab
1108 1557 1197 1647 ipsO.

297 1726 361 1794 Ille
380 1727 445 1794 sub
465 1727 549 1793 haec
567 1726 721 1794 breviter
740 1726 908 1815 peraratis
926 1744 999 1792 acta
1021 1725 1159 1793 tabellis

297 1897 457 1978 Mandat,
476 1913 509 1963 et
526 1895 671 1963 exitium
691 1913 830 1962 maneat
847 1896 942 1985 quod
960 1895 1077 1962 flebile
1095 1895 1188 1962 cives

298 2065 453 2132 Edocet:
477 2065 569 2132 haud
588 2086 687 2132 mora
708 2086 826 2154 regem
848 2064 960 2143 adeat,
983 2082 1163 2154 tentetque
1183 2066 1359 2154 precando

298 2234 404 2300 Fassa
422 2256 547 2324 genus,
566 2251 722 2300 mentem
741 2254 779 2300 ut
798 2251 911 2300 mutet
928 2233 1111 2322 saevisque
1134 2236 1272 2302 recedat

295 2402 479 2472 Consiliis.
499 2403 527 2470 F
531 2403 600 2469 letu
620 2420 808 2491 postquam
828 2401 948 2492 regina
967 2400 1113 2491 profuso

295 2571 446 2662 Singula
465 2571 624 2660 perlegit,
645 2593 728 2638 casu
748 2570 907 2659 perculsa
925 2571 1110 2637 tremendo

295 2739 399 2807 Talia
415 2740 544 2808 deinde
562 2740 660 2808 iubet
677 2757 803 2829 patruo
821 2761 989 2828 responsa
1011 2737 1155 2806 referri:
1189 2732 1194 2744 '

295 2910 468 2977 «Mensis
485 2910 559 2978 abit
575 2932 615 2976 ex
632 2931 704 2998 quo
721 2930 791 2975 non
813 2930 874 2975 ora
892 2908 1044 2975 verenda
1066 2907 1218 2997 regentis

296 3078 378 3146 Visa
396 3079 485 3148 mihi
505 3097 655 3168 spretae,
674 3077 768 3146 curis
785 3099 848 3145 nec
866 3075 963 3144 adire
980 3093 1163 3167 gravatum

296 3248 343 3319 Se
362 3271 581 3338 quemquam
600 3249 743 3339 patirur,
764 3251 831 3318 nisi
848 3273 938 3340 quos
958 3250 1121 3319 acciverit
1139 3250 1243 3317 ultro.

298 3418 398 3486 lllors
416 3439 530 3507 poena
547 3433 621 3486 est:
641 3420 754 3486 adstat
769 3419 887 3488 stricto
907 3422 1002 3487 serus
1020 3441 1102 3486 ense
1120 3417 1256 3486 satelles

298 3587 460 3654 Intentus
480 3587 616 3654 domini
636 3607 723 3655 nutu
741 3589 912 3678 caedique
933 3606 1084 3678 paratus.

295 3755 403 3843 Quae
421 3756 508 3824 dum
525 3774 643 3824 mente
665 3775 763 3846 put0,
787 3758 915 3847 pavido
933 3757 1019 3825 milri
1042 3779 1169 3846 quassa
1186 3756 1312 3824 timore

295 3923 424 3993 Genua
446 3925 586 3993 labant:
610 3947 673 3992 nec
691 3926 786 3994 enim
807 3943 1009 4016 contempta
1030 3926 1103 4016 lege
1121 3926 1318 3992 necandam

296 4097 369 4161 Aut
388 4093 513 4183 capitis
531 4094 613 4162 vitta
635 4112 695 4162 aut
714 4094 830 4185 regale
847 4093 1005 4162 tuebitur
1024 4113 1172 4164 ostrum.
1191 4121 1211 4158 »

299 4262 478 4351 Propositi
497 4263 553 4331 ille
571 4281 674 4331 tenax
691 4281 916 4332 cunctantem
933 4263 1131 4353 impensius
1149 4280 1270 4352 urget:

299 4431 445 4499 Haecne
463 4431 536 4499 suis
554 4432 729 4521 promissa
747 4433 846 4516 fides,
866 4433 923 4501 hic
939 4433 1083 4500 sedulus
1100 4431 1204 4500 ardor

296 4601 373 4672 Sub
392 4625 473 4671 casu
492 4602 638 4671 infando
656 4602 804 4672 miserae
822 4623 1025 4671 succurrere
1043 4601 1164 4691 plebi?
