3936 5578
563 541 626 606 228
968 564 1100 609 Gnuuln
1127 564 1325 610 Doltsssrrcn

653 738 818 825 Dumque
836 736 896 826 pio
913 738 1033 806 trahor
1054 737 1088 805 in
1108 737 1222 806 varias
1241 737 1434 806 certamine
1454 756 1587 828 partes,

693 905 762 972 Vix
782 905 898 974 aditus
919 905 1022 974 nobis
1041 907 1084 974 ad
1103 908 1281 996 penetrale
1301 925 1412 976 vacat.

651 1076 805 1144 Provida
826 1074 873 1143 ibi
892 1075 1021 1144 coniux
1041 1076 1193 1144 adventu
1214 1077 1300 1144 laeta
1319 1075 1437 1144 mariti

693 1243 842 1312 Addidit
858 1243 985 1334 algenti
1005 1244 1102 1331 ligna
1123 1247 1313 1313 cremanda
1330 1244 1429 1332 foc03

652 1413 749 1481 Folle
770 1413 896 1480 dehinc
918 1413 1098 1481 flammam
1117 1413 1196 1498 ciet,
1215 1416 1430 1502 admotoque
1447 1413 1547 1481 sedili

692 1582 868 1670 Amplexu
891 1581 1004 1649 fotum
1021 1583 1182 1650 membra
1201 1583 1315 1650 levare
1334 1582 1441 1651 iubet.

648 1749 745 1818 Tum
766 1749 869 1816 niveo
892 1771 1050 1816 mensam
1067 1750 1260 1818 consternit
1277 1751 1399 1818 sedula
1417 1750 1504 1832 lino,

694 1917 885 2006 Coenaque
905 1940 995 2007 quae
1017 1917 1128 2007 poscit
1145 1917 1288 2004 singula
1309 1940 1388 1985 vasa
1407 1919 1508 1985 locat.

650 2087 849 2154 Munditiae
868 2087 971 2155 viden
992 2105 1028 2154 ut
1045 2086 1153 2154 niteat
1173 2088 1362 2176 splendore
1382 2087 1555 2176 supellex,

693 2256 812 2323 Vitrea
830 2278 938 2345 quam
961 2279 1049 2347 pura
1068 2257 1193 2346 pocula
1212 2255 1287 2323 luce
1307 2255 1463 2323 micent?

649 2425 786 2494 Cuncta
803 2441 922 2492 tamen
943 2426 1070 2494 mulier
1091 2425 1293 2515 properanti
1312 2424 1437 2515 pollice
1455 2424 1575 2516 tergit,

695 2595 837 2662 Nausea
858 2618 901 2662 ne
918 2596 1041 2663 subeat
1059 2597 1202 2685 pulvere
1223 2594 1311 2662 facta
1330 2595 1410 2662 levi.

649 2764 787 2832 Interea
805 2782 923 2832 narrat
939 2787 1030 2852 quae
1048 2786 1112 2832 nos
1129 2765 1269 2833 audisse
1288 2764 1436 2845 iuvabit,

692 2937 808 3022 Atque
826 2932 909 3000 boni
929 2933 1104 3022 quidquid
1122 2933 1270 3001 contulit
1286 2951 1358 3001 acta
1377 2933 1464 3001 dies.

648 3099 802 3169 Tristius
819 3119 852 3168 at
873 3101 900 3167 si
919 3100 1004 3190 quid
1024 3123 1085 3168 cor
1104 3101 1235 3184 turbat,
1255 3101 1290 3170 id
1308 3124 1415 3169 omne
1433 3102 1572 3184 siletur‚

694 3270 749 3338 Ne
766 3292 835 3358 qua
855 3269 941 3337 mihi
961 3269 1113 3338 frontem
1132 3293 1218 3361 ruga
1238 3271 1391 3338 subinde
1409 3288 1505 3339 notet
1523 3294 1533 3359 ;

649 3439 889 3528 Maternisque
908 3439 987 3506 licet
1007 3438 1082 3506 sine
1101 3439 1170 3506 fine
1188 3438 1335 3507 exercita
1356 3439 1466 3522 curis,

693 3607 754 3676 Nil
776 3608 842 3675 nisi
865 3631 955 3697 quae
972 3626 1123 3698 tangunt
1140 3608 1289 3699 ingemit
1306 3609 1366 3676 illa
1384 3608 1513 3677 virum.

648 3775 718 3846 Sed
740 3775 841 3865 pueri
858 3777 900 3844 ad
919 3778 1018 3844 lusus
1032 3778 1170 3846 dudum
1192 3778 1339 3860 rediere,
1362 3778 1524 3868 lavetque

695 3944 905 4034 Disparibus
922 3945 1048 4012 studiis
1067 3945 1250 4036 ingeniosa
1269 3969 1409 4014 manus.

648 4113 837 4182 Caeruleas
856 4113 911 4180 hic
932 4113 1045 4202 pingit
1065 4135 1148 4180 oves
1167 4113 1367 4204 viridesque
1387 4117 1567 4205 capellas3

693 4282 900 4370 Purpureus
920 4304 1042 4350 croceo
1064 4283 1169 4372 piscis
1187 4283 1220 4350 in
1240 4307 1344 4351 amne
1363 4304 1469 4354 natat.

649 4451 845 4519 Plumbeus
866 4451 920 4518 his
938 4471 1031 4519 recto
1048 4451 1250 4543 disponitur
1269 4457 1394 4524 ordine
1417 4456 1531 4538 miles,

692 4621 735 4688 Et
754 4619 850 4687 vario
868 4621 991 4710 populi
1014 4623 1146 4711 proelia
1166 4625 1278 4692 Marte
1297 4645 1440 4694 novant.
