3972 5654
508 527 572 591 294
947 527 993 570 nt)
1012 525 1153 570 Leonum
1175 525 1238 569 Xlll

551 700 664 767 Parva
683 721 782 766 mora
803 717 876 765 est:
896 698 1056 788 graditur
1074 697 1198 765 Latiali
1221 697 1429 786 splendidus
1446 717 1560 779 ostro,

596 869 639 936 Et
656 870 735 936 data
753 885 836 935 sunt
852 867 980 935 merito
997 867 1155 957 praemia
1171 867 1279 958 digna
1296 865 1385 934 viro.

551 1038 638 1105 Inde
655 1054 770 1105 retusa
788 1037 847 1126 pio
866 1037 1040 1105 Perusina
1058 1036 1203 1104 audacia
1222 1036 1335 1103 Marte

595 1205 756 1273 Helvetis
776 1205 897 1272 laudes
917 1222 1047 1272 asseret
1068 1227 1180 1294 usque
1202 1203 1304 1271 meis.

551 1375 637 1443 Ecce
656 1393 773 1442 autem
795 1376 959 1441 scelerata
983 1373 1093 1464 Ligur
1112 1390 1231 1440 movet
1250 1372 1384 1462 impius
1405 1395 1521 1451 arma,

595 1543 746 1614 Umbria
764 1543 819 1610 cui
839 1542 909 1610 iam
928 1543 999 1610 iam
1017 1543 1083 1609 sub
1100 1543 1187 1632 pede
1208 1541 1296 1609 victa
1314 1541 1437 1632 gemit,

550 1712 704 1781 Insideat
721 1713 832 1780 donec
850 1711 949 1802 peior
966 1711 1141 1800 Capitolia
1161 1712 1338 1792 Brennus,

593 1881 735 1949 Divitiis
755 1881 910 1963 inhians,
934 1881 1030 1951 Urbs
1048 1880 1264 1962 miseranda,
1283 1879 1365 1947 tuis.

547 2050 689 2120 Credita
707 2051 838 2140 templa
856 2068 989 2132 tamen,
1009 2050 1149 2140 praesul
1162 2071 1346 2140 generose,
1365 2047 1492 2128 tueris,

593 2220 647 2287 Ne
665 2219 751 2287 ferat
769 2219 851 2287 inde
871 2241 992 2286 recens
1010 2219 1228 2286 Heliodorus
1246 2240 1356 2307 opes,

548 2387 787 2476 Instantisque
805 2387 903 2455 subis
922 2387 1039 2454 vultus
1057 2387 1218 2476 iramque
1237 2386 1393 2477 tyranni,

592 2557 666 2625 Nec
683 2555 848 2646 quatiunt
865 2575 995 2624 certam
1019 2556 1123 2623 verba
1141 2557 1294 2646 superba
1312 2557 1434 2624 fidem.

545 3062 717 3130 Vulnerat
732 3063 907 3152 extemplo
924 3062 1042 3131 feralis
1062 3063 1210 3130 nuntius
1229 3085 1344 3146 aureS,

590 3230 758 3318 Motaque
777 3230 835 3297 flet
852 3229 974 3316 magni
994 3229 1118 3298 sunere
1143 3247 1232 3298 terra
1255 3230 1325 3298 Pii.

548 3398 616 3466 Hei
637 3398 783 3488 periisse
801 3399 899 3466 illum
920 3421 991 3487 quo
1010 3422 1063 3467 res
1083 3401 1246 3468 Romana
1265 3417 1410 3485 regente

590 3568 741 3635 Pertulit
759 3568 903 3636 hostiles
921 3568 1115 3637 illabefacta
1135 3569 1264 3649 minas,

546 3735 620 3824 Qui
640 3735 705 3804 fuit
722 3758 844 3804 everso
862 3736 1010 3826 longum
1029 3759 1108 3826 spes
1129 3737 1232 3805 unica
1253 3737 1381 3820 saeclo,

588 3904 749 3972 iustitiae
769 3905 894 3972 vindex
913 3906 1156 3994 propositique
1175 3911 1296 3973 tenax!

544 4073 751 4162 Ambigitur
771 4096 913 4141 summo
930 4073 1095 4162 quisnam
1115 4074 1277 4141 succedat
1298 4073 1438 4154 honori,

589 4238 684 4326 Quis
702 4239 852 4307 minime
869 4263 1060 4330 oppressus
1076 4243 1234 4330 pondera
1252 4259 1346 4310 tanta
1366 4242 1466 4310 ferat.

545 4408 776 4477 Conveniunt
795 4432 956 4499 proceres
976 4411 1104 4478 ardens
1124 4433 1214 4499 quos
1235 4433 1393 4500 purpura
1411 4411 1530 4493 vestit,

589 4575 628 4646 Si
646 4578 748 4645 detur
769 4578 923 4645 lacrimis
942 4579 1155 4667 imposuisse
1173 4581 1336 4646 modum.
