3928 5580
822 480 1047 523 ammonent
1074 480 1200 522 fuant·
1224 479 1400 524 OCTOBRES

630 653 802 720 Exercere
821 653 929 723 iurat.
950 651 1125 740 festasque
1142 653 1301 720 emittere
1320 675 1433 720 voces.

629 823 768 890 Deserit
786 822 871 888 urbs
889 822 1014 888 urbem
1032 844 1040 906 3
1062 821 1304 910 bipatentibus
1321 823 1480 912 undique
1501 826 1611 913 portis

625 993 750 1060 Turba
770 991 909 1076 fragosa
930 991 1013 1059 ruit.
1037 991 1174 1077 lateque
1191 993 1346 1057 exundat
1368 991 1400 1057 in
1420 1015 1533 1082 agros.

673 1160 821 1228 Patricia
840 1161 1015 1248 insignem
1032 1182 1120 1249 gens
1137 1183 1225 1225 auro
1242 1179 1346 1248 atque
1364 1179 1436 1228 arte
1454 1161 1567 1228 fabrili

623 1330 787 1419 Occupat
804 1352 846 1396 en
868 1330 1028 1403 rhedam,
1048 1329 1166 1395 stratis
1186 1347 1326 1418 excepta
1347 1330 1496 1403 decoris.

622 1500 730 1588 Quae
748 1501 870 1566 subter
887 1498 1018 1565 dubiae
1037 1497 1174 1564 latitant
1192 1498 1387 1585 primordia
1404 1521 1531 1566 coenae
1549 1525 1559 1571 ;

623 1671 724 1736 Pone
743 1689 836 1736 rotas
857 1667 990 1757 gemini
1011 1666 1178 1733 festinant
1196 1668 1361 1734 scandere
1379 1669 1484 1745 serti,

623 1839 744 1926 thue
762 1838 838 1904 loco
858 1837 1002 1911 insistit,
1021 1835 1110 1902 fastu
1130 1835 1339 1902 tumefactus
1357 1856 1502 1925 uterque

619 2007 846 2095 Conspicuus
865 2004 998 2092 profert
1013 2006 1144 2075 cultus.
1164 2005 1379 2093 turbamque
1400 2008 1597 2095 pedestrem

623 2176 666 2242 Et
684 2175 855 2242 miserum
879 2175 1005 2261 vulgus
1026 2173 1116 2238 solio
1135 2175 1313 2262 despectat
1329 2175 1373 2240 ab
1390 2176 1472 2241 alto.

622 2345 764 2411 Ferrnta
784 2345 916 2410 interea
933 2343 1057 2410 crebro
1075 2342 1153 2408 ferit
1172 2343 1303 2432 ungula
1321 2361 1451 2410 terram

618 2511 828 2600 Alipedum,
853 2534 916 2577 nec
931 2511 982 2576 eis
1001 2511 1142 2599 requies
1159 2511 1245 2598 quin
1265 2533 1325 2577 ora
1348 2511 1485 2578 remissi

619 2681 858 2769 Praecipitem
876 2679 1007 2769 pariter
1025 2703 1087 2768 per
1104 2703 1184 2746 saxa
1203 2681 1364 2746 sonantia
1381 2703 1538 2748 cursum.

617 2849 826 2918 Conductus
847 2871 928 2915 vero
947 2867 1157 2936 praeeuntes
1173 2849 1307 2915 lumine
1326 2869 1425 2915 torro

617 3019 852 3106 Prosequitur
871 3040 1037 3097 mannus,
1057 3036 1258 3106 sortemque
1281 3017 1418 3085 incusat
1435 3018 1611 3108 iniquam.

617 3188 800 3255 Demissus
821 3187 993 3253 cervicem
1013 3208 1114 3274 aegre
1134 3185 1203 3266 hic,
1221 3187 1276 3252 cui
1296 3188 1440 3254 verbera
1458 3187 1562 3270 farra,

615 3355 884 3443 Stridentesque
903 3375 994 3422 rotas
1008 3355 1114 3421 trahit
1128 3373 1161 3421 et
1176 3355 1325 3442 positam
1344 3355 1491 3445 insuper
1503 3379 1637 3430 arcam.

615 3525 749 3591 Plebeii
770 3547 838 3612 qua
858 3543 928 3590 tota
946 3525 1076 3589 domus
1094 3524 1219 3610 stipata
1238 3522 1393 3611 Quiritis

614 3695 695 3760 Non
720 3693 857 3782 capitur
874 3693 1048 3763 ciaustris.
1069 3711 1101 3757 et
1119 3693 1234 3781 largos
1252 3694 1407 3781 pulveris
1422 3695 1569 3761 haustus

612 3861 753 3942 Sorbet,
771 3881 802 3928 et
821 3865 964 3928 ascitam
984 3884 1126 3927 summo
1145 3885 1179 3926 se
1198 3863 1307 3928 credit
1324 3861 1494 3952 Olympo.

664 4031 742 4098 Huc
763 4031 820 4096 ubi
843 4030 1033 4119 piniferum
1057 4030 1203 4096 domina
1222 4051 1326 4120 caput
1343 4031 1447 4097 altius
1468 4032 1556 4100 urbe

614 4201 812 4288 f'ampinen
833 4201 967 4266 cinctus
987 4200 1089 4266 Marii
1114 4223 1216 4266 mons
1237 4201 1326 4266 tollit
1344 4201 1488 4282 amictu,

613 4370 845 4456 Devexusqne
863 4387 953 4448 tuan
972 4368 1156 4447 Tiberine,
1178 4369 1329 4436 excurrit
1347 4371 1389 4436 ad
1410 4371 1537 4452 undas,

610 4541 679 4604 Ant
700 4537 772 4604 nbi.
793 4537 959 4603 fictilibus
977 4539 1088 4604 moles
1109 4556 1272 4624 congesta
1291 4539 1417 4607 ruinis.
