3936 5578
821 543 971 588 lUDlTllA

399 717 443 783 Et
462 714 600 782 domini
622 716 789 804 squalens
809 715 1007 784 etiamnum
1028 715 1200 804 sanguine
1218 736 1355 794 mucro,

399 883 583 952 luditham
600 903 634 952 at
650 885 804 974 populus
822 884 946 974 spoliis
963 884 1159 952 conclamat
1176 882 1307 972 opimis

396 1053 624 1144 Augendam,
650 1070 786 1121 tantum
813 1053 888 1143 ipsa
916 1075 1022 1120 manu
1042 1074 1131 1142 quae
1149 1053 1310 1120 straverit
1330 1052 1479 1119 hostem.

396 1227 590 1291 Assensere
607 1224 713 1290 duces
730 1245 799 1289 non
819 1241 898 1289 aute
917 1221 1084 1290 libentius
1102 1244 1260 1309 unquam

398 1391 595 1461 Communi
614 1391 744 1459 dociles
763 1408 856 1474 voto,
876 1413 938 1458 nec
960 1391 1070 1458 multa
1092 1390 1215 1458 morati

401 1561 598 1630 Heroinam
618 1563 760 1644 adeunt,
779 1560 938 1650 festoque
953 1577 1099 1628 sonante
1115 1560 1269 1628 tumultu

401 1732 503 1798 Dona
527 1748 652 1821 rogant
671 1730 785 1820 capiat
801 1731 895 1798 cives
916 1730 1078 1797 testantia
1095 1748 1223 1820 gratos.

403 1900 466 1967 Illa
486 1900 685 1968 verecundo
702 1916 823 1967 contra
842 1899 890 1967 sic
908 1899 1037 1988 excipit
1052 1921 1134 1967 ore:

399 2095 420 2134 <c
438 2069 603 2138 Praemia
621 2091 711 2158 quae
730 2087 866 2158 praeter
882 2068 1050 2140 meritum
1069 2067 1157 2136 mihi
1179 2067 1277 2151 ditia,
1297 2067 1431 2148 fratres,

403 2239 567 2320 Delertis‚
587 2239 674 2306 laeta
692 2238 841 2328 accipio,
862 2255 1050 2326 sancteque
1069 2259 1209 2305 reservo

401 2408 582 2478 Ornatura
599 2407 686 2473 olim
707 2406 842 2496 Solymi
865 2405 1011 2474 donaria
1028 2405 1163 2495 templi.

402 2577 602 2645 Ambitiosa
620 2597 712 2643 novo
729 2575 814 2664 quid
833 2575 930 2643 enim
949 2597 1004 2643 me
1021 2575 1146 2666 digner
1160 2575 1308 2654 honore,

403 2746 510 2834 Quae
529 2745 617 2813 nihil
634 2767 718 2812 ausa
735 2743 831 2828 novi,
850 2761 1078 2832 veterumque
1090 2745 1197 2812 modo
1213 2744 1321 2812 excita
1340 2746 1443 2813 laude

405 2917 493 2984 Plus
512 2937 581 2982 una
599 2913 735 3004 signata
752 2936 843 2981 nuru
863 2912 1007 3002 vestigia
1026 2912 1163 3002 pressi?

406 3086 538 3153 Nonne
557 3084 653 3151 lahel
672 3082 739 3151 fuit
758 3083 934 3171 exemplu,
954 3104 1024 3149 non
1045 3082 1185 3150 Debora
1206 3083 1341 3166 victrix,

407 3251 511 3340 Quid
527 3274 656 3341 supero
675 3251 842 3319 instinctu
863 3251 1073 3319 malefortis
1091 3251 1222 3319 femina
1241 3252 1377 3342 possit?

411 3424 486 3491 Nec
504 3440 620 3491 tamen
641 3422 719 3490 illae
737 3443 899 3511 unquam
920 3422 1028 3489 simili
1044 3421 1206 3490 mercede
1224 3422 1366 3511 potitae.

408 3590 525 3679 Quid,
543 3593 640 3680 quod
660 3590 790 3658 tentavi
812 3612 1046 3679 quaecunque
1064 3589 1233 3679 pericula,
1255 3612 1396 3658 mecum

408 3761 449 3828 ln
471 3778 607 3849 partem
626 3759 722 3827 venit
738 3763 823 3826 haec
841 3759 955 3826 meriti
975 3759 1146 3826 fidissima
1163 3782 1275 3842 serva,

410 3927 491 3994 Non
512 3926 580 3994 iarn
600 3948 698 3993 serva
717 3926 822 4009 mihi,
841 3926 957 3993 vinclo
975 3927 1035 3992 sed
1054 3926 1171 3993 iuncta
1189 3925 1299 3994 sodali
1319 3928 1329 3993 ἓ

411 4092 574 4181 Denique
593 4093 732 4160 mortali
750 4094 792 4161 de
810 4093 946 4161 semine
961 4093 1119 4162 fudimus
1138 4095 1272 4163 hostem
1290 4121 1298 4178 3

412 4261 616 4328 Promissae
634 4279 667 4328 at
682 4284 737 4329 me
757 4262 877 4350 ecquis
899 4263 1002 4330 vellet
1020 4285 1233 4353 componere
1251 4264 1369 4346 matri,

409 4430 513 4500 Calce
531 4453 697 4520 premens
713 4449 817 4522 caput
836 4431 962 4500 inferni
980 4453 1069 4520 quae
1086 4450 1241 4500 conteret
1257 4431 1395 4521 anguis,

410 4599 582 4690 Virgineo
599 4600 726 4668 mundi
746 4601 856 4690 pariet
873 4602 959 4668 dum
980 4619 1099 4668 ventre
1119 4602 1296 4668 salutem?
