3970 5580
512 512 555 576 70
1021 512 1180 558 sustuna

514 685 657 754 Insidiis
675 687 804 754 multae
823 687 946 754 vestris
962 688 1005 756 de
1022 687 1123 777 plebe
1141 687 1281 775 puellae

512 854 752 940 succubuere,
772 872 805 923 at
823 877 892 923 non
913 857 1022 924 Iudae
1041 853 1231 922 fortissima
1249 855 1378 944 neptis

511 1024 687 1111 Coniugis
708 1025 911 1114 exemplum
929 1024 1071 1115 populis
1089 1048 1152 1115 per
1168 1025 1307 1092 saecula
1323 1042 1449 1093 castae.

513 1195 616 1262 Hanc
634 1195 761 1262 scelere
783 1194 952 1277 absolv03
973 1216 1041 1261 non
1064 1211 1182 1262 autem
1202 1193 1356 1262 indicere
1373 1193 1475 1261 vobis

511 1363 738 1453 Supplicium
760 1362 876 1444 refert,
899 1379 1012 1431 vestro
1030 1361 1206 1452 siquidem
1225 1361 1352 1430 excidit
1369 1385 1428 1430 ore

510 1532 615 1620 Quae
633 1554 695 1598 vos
713 1554 826 1621 poena
846 1548 964 1600 manet
985 1531 1127 1599 furiosis
1145 1531 1263 1600 debita
1280 1531 1424 1621 coeptis.

510 1702 695 1773 Susannae
714 1699 877 1790 indignas
895 1701 1042 1790 religant
1059 1723 1148 1790 quae
1172 1701 1310 1768 vincula
1329 1701 1476 1790 palmaS,

511 1873 550 1939 ln
571 1870 713 1940 meritas
729 1870 914 1938 transferte
932 1892 1075 1952 manus,
1097 1869 1307 1960 animasque
1326 1888 1493 1939 nocentes

511 2035 680 2104 Protinus
696 2035 833 2104 iniectis
850 2037 1008 2104 certatim
1027 2037 1188 2126 expellite
1207 2039 1309 2106 saxis.
1330 2063 1347 2103 s

511 2202 619 2272 Nulla
637 2225 737 2271 mora
753 2222 804 2273 est
824 2203 921 2272 iusso
939 2230 946 2271 :
967 2205 1070 2273 nodis
1087 2205 1298 2273 constrictus
1315 2222 1468 2293 uterque

509 2370 697 2461 Abripitur
713 2371 818 2440 ferale
836 2395 941 2440 senex
959 2374 1143 2441 ducendus
1166 2373 1200 2440 in
1220 2395 1359 2455 arvum,

509 2540 596 2628 Quo
614 2540 712 2630 prius
731 2540 925 2625 Heleiadis‚
942 2542 1014 2609 fato
1033 2542 1092 2609 sed
1111 2542 1266 2630 dispare,
1284 2542 1387 2609 ducta
1404 2558 1465 2609 est.

511 2710 594 2777 Mox
614 2711 784 2796 geminus
801 2711 962 2800 lapidum
980 2711 1104 2801 priscis
1122 2711 1253 2779 accedit
1273 2732 1431 2792 acervus,

511 2878 672 2946 Membra
690 2897 811 2970 tegens
829 2877 919 2946 nihil
939 2880 1116 2948 humanae
1135 2879 1323 2947 retinentia
1339 2878 1473 2946 formae
1494 2905 1501 2946 ι

509 3046 692 3137 Sanguine
710 3063 800 3114 terra
822 3047 924 3115 rubet
937 3047 1070 3115 circum
1088 3047 1281 3116 madefacta
1303 3047 1445 3116 recenti.

555 3215 604 3284 Ut
621 3213 780 3303 primum
798 3215 854 3305 pia
872 3216 1032 3304 gratandi
1051 3217 1172 3284 satiata
1190 3217 1335 3306 cupido,

511 3382 724 3472 lnnexisque
744 3383 865 3450 datum
884 3401 934 3451 est
955 3385 1132 3452 exsolvere
1150 3385 1239 3452 colla
1260 3384 1411 3469 lacertis,

508 3549 567 3620 Sic
585 3550 749 3621 Susanna
768 3551 834 3619 ciet
855 3574 1045 3620 numeroso
1062 3553 1219 3620 carmine
1238 3575 1359 3620 vocent
1379 3580 1386 3620 :

509 3741 526 3782 e
542 3723 612 3787 Arx
632 3720 728 3787 Deus
746 3737 778 3787 et
794 3719 902 3787 tutela
920 3721 993 3788 suis
1011 3721 1183 3789 fidissima
1202 3740 1322 3790 noster

511 3887 553 3954 Et
571 3885 707 3955 validus
728 3889 862 3977 populo
879 3889 984 3957 rebus
1001 3889 1165 3959 defensor
1187 3891 1220 3958 in
1240 3891 1356 3959 arctis.

509 4056 616 4122 Vasto
635 4055 741 4144 igitur
758 4057 923 4145 quamvis
940 4058 1119 4147 quatiatur
1134 4077 1224 4128 terra
1243 4061 1413 4140 tumultu,

509 4225 552 4291 Et
572 4223 703 4291 summi
727 4225 888 4293 medium
910 4244 1046 4294 montes
1065 4229 1251 4296 volvantur
1264 4228 1299 4295 in
1317 4251 1464 4318 aequor,

509 4390 632 4458 Pellite
650 4394 755 4460 corde
777 4411 904 4477 metus,
926 4395 1026 4463 nullo
1046 4417 1216 4463 concussa
1234 4415 1387 4466 tremore

507 4558 635 4647 Quum
654 4561 755 4629 vobis
773 4580 913 4651 pateant
931 4564 1050 4654 magni
1070 4566 1219 4633 tentoria
1241 4567 1362 4657 Regis,
