3950 5590
444 521 478 563 Vl

444 695 555 770 enirn
568 696 846 772 constantiam
865 695 1046 772 ostendit
1061 696 1232 772 devotae
1246 695 1356 771 illius
1369 697 1609 790 voluntatis

444 879 550 956 quae
580 854 619 929 in
645 870 681 930 te
710 855 858 931 enituit
882 879 978 932 curn
1012 855 1052 929 in
1083 854 1158 930 bac
1182 855 1283 932 urbe
1305 855 1613 932 honestissimis

445 1016 692 1091 muneribus
728 1015 768 1090 in
806 1015 1024 1092 Pontllicia
1063 1015 1209 1090 militia
1249 1016 1491 1116 fungereris,
1536 1018 1613 1093 boc

443 1192 580 1252 autem
605 1175 730 1251 fidem
754 1175 887 1251 Nobis
910 1176 1005 1252 facit
1025 1191 1060 1252 te
1083 1176 1124 1250 in
1141 1199 1285 1252 eorum
1310 1200 1486 1252 numero
1507 1202 1609 1270 esse,

444 1336 513 1436 qui
538 1335 733 1412 afllictam
763 1335 841 1411 boc
862 1360 962 1412 aero
984 1336 1206 1412 latinarum
1230 1337 1458 1412 litterarum
1487 1337 1613 1413 fortu-

444 1521 556 1588 nam,
592 1520 676 1572 non
713 1496 910 1572 inanibus
946 1496 1137 1596 querelis,
1177 1497 1246 1572 sed
1283 1498 1473 1597 exemplo
1509 1499 1610 1573 tueri

443 1671 662 1748 conantur,
695 1672 733 1732 et
755 1657 1041 1733 monumentis
1069 1657 1220 1758 ingenii
1245 1658 1324 1733 sui.
1349 1659 1614 1758 Quapropter

367 1858 376 1866 ·
443 1816 808 1893 commendatione
857 1819 1008 1893 Nostra
1052 1831 1088 1892 te
1142 1818 1250 1893 ultro
1300 1818 1608 1918 prosequimur,

445 1978 568 2078 idque
585 2003 633 2053 eo
651 1977 847 2053 libentius
866 1978 1056 2071 facimus,
1077 1979 1191 2078 quod
1209 1994 1297 2054 tum
1316 1995 1611 2080 argumentum

443 2162 466 2212 a
487 2153 523 2213 te
545 2137 777 2214 novissimo
795 2153 866 2214 tuo
883 2138 1056 2213 carmini
1076 2137 1295 2232 delectum,
1317 2155 1407 2215 tum
1428 2141 1612 2239 praemia

443 2322 550 2398 quae
582 2298 621 2371 in
656 2298 826 2396 poeticis
856 2298 1156 2375 certaminibus
1186 2300 1317 2376 victor
1347 2301 1521 2400 adeptus
1552 2325 1608 2393 eS,

444 2457 596 2533 iustam
640 2480 812 2532 causam
852 2457 984 2532 Nobis
1024 2459 1234 2557 praebent,
1278 2475 1323 2535 ut
1361 2475 1453 2536 tuae
1499 2461 1609 2537 laudi

444 2618 672 2694 faveamus.
706 2620 881 2694 Nostrae
911 2619 1082 2694 demum
1113 2621 1468 2697 commendationi
1498 2621 1612 2697 addi-

444 2802 539 2853 mus
561 2777 851 2876 Apostolicam
870 2778 1221 2873 Benedictionem,
1242 2804 1370 2880 quarn
1394 2781 1435 2855 in
1457 2782 1610 2882 pignus

378 2921 382 2928 ⁸
445 2939 641 3011 Paternae
671 2935 905 3013 dilectionis
944 2953 982 3013 et
1020 2938 1062 3012 in
1102 2939 1339 3039 auspicium
1370 2941 1610 3017 caelestium

442 3098 684 3198 gratiarum,
705 3099 799 3175 Tibi
831 3100 1010 3200 tuisque,
1043 3117 1087 3178 ut
1114 3103 1315 3201 postulas,
1350 3117 1613 3202 peramanter

443 3259 722 3359 impertimus,

498 3475 651 3548 Datum
683 3475 842 3550 Romae
874 3476 985 3574 apud
1017 3478 1059 3550 S.
1087 3479 1252 3552 Petrum
1286 3478 1350 3554 die
1382 3481 1472 3554 XVl
1511 3480 1609 3555 llaii

442 3635 1607 3729 AnnollDCCCXC,PontificatusNostriDecimotertio.

1121 3906 1230 3982 LEO
1254 3908 1298 3980 P.
1325 3907 1501 3982 l>.X111.
