3972 5654
714 585 870 630 SUMMUM
898 585 1110 630 PONTIFICEM

372 757 577 846 Nolanique
596 757 671 825 foro
692 757 923 826 simulacrum
944 780 1063 826 everre
1082 758 1254 847 pudendi,

415 925 564 994 Vindice
582 949 654 1016 quo
673 927 793 994 nullus
812 926 940 995 iustius
961 927 1040 1018 igne
1061 927 1163 1017 perit.

372 1096 418 1162 Ni
442 1117 623 1185 properas,
646 1095 804 1163 monitus
825 1097 982 1186 praesagi
1005 1097 1145 1185 percipe
1164 1096 1264 1172 vatis,

414 1269 588 1333 Venturas
608 1282 702 1333 certo
719 1266 777 1353 qui
800 1283 921 1332 monet
940 1287 1000 1332 ore
1019 1265 1122 1332 vices.

370 1439 455 1502 Atra
473 1433 548 1501 dies
566 1433 671 1501 instat
689 1456 812 1523 prope,
837 1456 906 1522 qua
926 1433 1158 1523 popularibus
1176 1451 1272 1503 artus

415 1601 583 1691 Direptus
601 1601 702 1670 furiis
723 1601 833 1690 impia
850 1601 937 1669 facta
954 1603 1041 1669 lues.

373 1770 493 1861 Legati
514 1793 557 1838 en
576 1769 718 1862 fugiunt
734 1770 849 1861 gentis
870 1771 1054 1861 turpisque
1072 1789 1214 1838 senatus
1233 1795 1239 1838 :

417 1939 549 2029 Lignea
570 1939 735 2007 clamosis
754 1939 914 2029 patribus
932 1940 1012 2006 auia
1035 1957 1130 2006 vacat
1146 1965 1155 2018 ς

370 2105 547 2197 Quaeque
569 2130 656 2175 auro
675 2108 795 2176 leviter
812 2108 1008 2176 circumlita
1030 2109 1114 2175 sella
1140 2109 1272 2198 regenti

356 2283 357 2286 ’
416 2275 526 2344 Pinea
545 2276 737 2365 prostabat,
758 2276 866 2366 pascit
883 2278 1006 2344 adusta
1024 2276 1129 2344 focos.

370 2445 471 2532 Quid
488 2445 551 2513 tibi
571 2466 666 2513 nunc
684 2447 840 2527 tandem,
860 2467 984 2535 regum
1003 2445 1222 2535 turpissime,
1243 2446 1386 2535 prodest

414 2614 670 2704 Tergeminum
695 2614 728 2681 in
747 2613 871 2681 foedus
888 2616 1029 2683 dextera
1048 2615 1165 2683 iuncta
1187 2615 1321 2681 modo?

370 2783 539 2850 Vaticana
560 2801 676 2850 tamen
696 2784 799 2851 durat
820 2781 1022 2850 firmissima
1044 2784 1156 2862 sedes,

414 2957 530 3040 Atque
549 2951 674 3041 ingens
690 2951 799 3020 fastus
819 2954 987 3043 degravat
1008 2951 1135 3018 umbra
1153 2969 1244 3019 tuos.

370 3120 487 3188 Vincit
506 3120 539 3188 io
557 3119 735 3204 Christus,
756 3137 876 3210 regnat
897 3121 1078 3209 laetusque
1098 3119 1311 3209 triumphat,

415 3287 490 3376 Qui
511 3289 691 3378 propriam
710 3288 847 3378 piebem
868 3287 1021 3355 vindicet
1041 3309 1153 3376 usque
1176 3286 1287 3354 maiis.

370 3801 416 3863 At
433 3795 512 3876 tibi,
531 3797 695 3863 restando
712 3818 858 3885 superas
879 3795 939 3884 qui
959 3812 1124 3862 strenuus
1146 3795 1297 3874 hostem,

417 3964 510 4045 Rite,
535 3965 620 4048 Le0,
638 3982 769 4050 grates,
788 3986 856 4052 qua
875 3981 979 4053 patet,
998 3962 1095 4030 orbis
1112 3962 1195 4054 agit.

373 4134 547 4222 Prospera
569 4135 627 4201 det
647 4134 801 4200 clemens
820 4155 951 4200 numen
971 4132 1033 4199 tibi
1054 4131 1136 4214 iata,
1157 4130 1325 4219 Patrique

419 4305 638 4392 Exsuperare
656 4326 781 4384 annos,
803 4303 1033 4392 aequiparare
1052 4301 1118 4369 Pii.

372 4473 491 4560 Quin,
509 4495 571 4540 sua
589 4473 616 4541 si
636 4472 799 4563 precibus
817 4495 886 4540 non
905 4475 1033 4540 desunt
1051 4473 1207 4562 pondera
1227 4471 1372 4552 nostris,

418 4643 621 4711 Praeteritis
637 4644 744 4711 addas
761 4644 868 4710 altera
888 4644 997 4710 lustra
1014 4643 1148 4710 decern.
