3970 5580
805 570 956 614 ruottttn

387 744 470 832 Ipsa
488 743 567 810 cibo
583 743 681 811 tenui
703 761 735 810 et
751 742 906 810 minimo
923 760 1086 810 contenta
1104 759 1227 832 paratu

383 912 559 980 Munitica
577 911 670 979 cives
687 913 807 980 dextra
828 929 998 979 sustentat
1016 934 1158 1002 egenos

384 1084 468 1148 Non
487 1081 553 1149 sibi
573 1083 632 1148 sed
654 1081 793 1149 miseris
810 1082 932 1149 dives:
952 1105 1034 1149 cura
1052 1083 1159 1149 altera
1176 1081 1297 1171 templi

386 1251 645 1318 instaurandus
663 1251 790 1334 honos,
810 1250 901 1318 miro
919 1252 1014 1339 quod
1033 1273 1153 1319 amore
1171 1250 1303 1318 revisit.

382 1420 473 1508 Quo
493 1420 627 1487 maiore
647 1418 836 1487 hominum
856 1419 973 1486 studio
990 1419 1203 1486 commercia
1221 1419 1318 1502 vitat,

384 1591 464 1657 Hoc
484 1589 596 1678 magis
613 1588 725 1655 elucet
743 1587 834 1655 fama
854 1614 860 1654 :
881 1588 1082 1656 venerabile
1100 1587 1194 1678 ptebi

387 1757 551 1825 ludithae
570 1757 640 1824 iam
660 1779 790 1824 nomen
814 1756 905 1824 inest
921 1781 930 1835 ς
949 1757 1036 1845 quin
1057 1756 1131 1846 ipse
1151 1758 1312 1824 sacerdos

386 1926 488 1993 lilius
505 1925 603 2015 cupit
621 1925 655 1993 in
677 1925 797 1993 dubiis
814 1925 997 2015 exquirere
1018 1948 1156 2008 sensus,

384 2095 552 2162 Afflatam
570 2094 748 2184 siquidem
766 2093 889 2162 divino
911 2094 1060 2162 numine
1078 2111 1222 2162 constat.

431 2263 498 2334 Cui
518 2286 630 2351 quum
650 2263 818 2331 sollicitae
836 2262 931 2354 vulgi
950 2262 1103 2330 convitia
1124 2263 1216 2330 iusto

386 2433 471 2500 Plus
489 2433 640 2499 valuisse
662 2429 792 2515 serunt,
812 2431 891 2499 urbi
911 2431 1117 2521 impendere
1137 2431 1291 2515 ruinam,

388 2602 535 2690 Iamque
553 2623 664 2690 prope
682 2601 862 2668 immissos
880 2601 1010 2684 hostes,
1029 2623 1201 2668 arcessere
1219 2601 1364 2668 mandat

389 2771 559 2838 Rectores
579 2770 717 2859 populi,
740 2792 829 2858 quos
847 2769 977 2837 talibus
993 2768 1120 2859 excipit
1137 2770 1249 2836 orsis:

388 2965 408 3001 «
424 2940 473 3008 Ut
489 2939 633 3006 tulerim
651 2961 773 3006 saevos
791 2939 853 3006 hac
871 2956 1076 3026 tempestate
1089 2938 1241 3018 dolores,

380 3106 501 3175 Altius
517 3106 626 3177 Ozias
644 3107 748 3175 hodie
767 3107 855 3175 mihi
874 3108 1006 3175 vulnus
1021 3108 1149 3198 adegit,

386 3276 481 3364 Qui,
499 3277 525 3343 si
546 3299 626 3344 vera
642 3276 773 3360 ferunt,
793 3277 951 3366 supremi
970 3295 1021 3345 est
1042 3276 1203 3345 numinis
1220 3299 1327 3344 ausus

382 3444 544 3515 Scrutari
563 3447 735 3530 consulta,
753 3445 922 3534 diemque
940 3445 1094 3514 indicere
1112 3447 1221 3513 coelo.

384 3613 527 3685 Siccine
545 3636 648 3703 posse
669 3632 767 3703 putat
792 3615 899 3682 finem
917 3638 1057 3704 sperare
1077 3617 1270 3699 malorum,

385 3782 685 3872 Criminibusque
703 3783 804 3851 novis
825 3806 998 3852 noxarum
1017 3803 1171 3853 avertere
1191 3786 1348 3874 poenas?

383 3955 432 4019 At
450 3951 526 4018 sitis
543 3969 616 4019 atra
636 3951 721 4020 furit
738 3953 938 4042 suppressis
955 3953 1135 4021 fontibus:
1155 3994 1196 4002 -
1215 3971 1310 4037 est03

385 4121 487 4187 Num
509 4143 570 4187 vos
588 4121 675 4189 forte
694 4122 801 4189 latent
818 4124 921 4190 firmo
942 4146 1031 4212 quos
1049 4141 1188 4214 pectore
1206 4146 1307 4191 casus

384 4287 566 4356 Abraham
586 4307 684 4379 pater
700 4308 733 4358 et
751 4292 870 4359 Moses
890 4291 1020 4380 aliique
1041 4292 1198 4360 tulerunt

388 4456 554 4543 insignes
572 4457 699 4548 pietate
721 4458 785 4527 viri
804 4460 814 4524 ἓ
835 4460 906 4527 Pro
921 4481 1069 4528 munere
1087 4477 1202 4528 vestro

384 4627 459 4693 Vos
481 4626 601 4696 decuit
617 4627 764 4696 monitis
784 4627 925 4696 animos
946 4629 1086 4697 firmare
1104 4630 1275 4712 labantes,
