3928 5580
714 493 829 538 PUGNA
855 492 1075 538 NOMENTANA

300 670 525 761 Corporibus
543 669 646 736 iactat
664 691 700 736 se
719 666 898 750 Helvetia,
916 665 1059 733 ducitur
1080 665 1173 732 unde

299 841 436 911 Caseus
453 856 487 907 et
505 838 617 906 miles.
643 836 714 908 Sed
733 854 783 918 tu,
802 857 942 926 precor,
960 835 1066 917 alme,
1087 835 1293 924 loquentem

302 1011 357 1078 Ne
374 1026 578 1090 contemne,
596 1005 675 1074 tulit
692 1004 856 1095 quamvis
874 1022 944 1072 tam
964 1004 1114 1072 barbara
1131 1004 1278 1071 tellus.»

299 1177 359 1248 Sic
377 1199 466 1267 eg03
488 1176 537 1243 sic
558 1193 679 1243 contra
699 1173 848 1241 Fluvios
868 1199 875 1238 ε
895 1197 914 1236 <‹
931 1173 1002 1240 Pto
1021 1171 1173 1261 Jupiter,
1197 1171 1286 1256 iniit,

302 1346 408 1415 Haud
426 1345 684 1435 aspernandam
707 1364 885 1409 memoras
905 1340 981 1408 sine
998 1340 1144 1408 nomine
1161 1357 1317 1430 gentem,

298 1520 397 1583 Aevo
418 1537 522 1603 quae,
542 1513 692 1580 minime
712 1513 821 1580 laetor
838 1509 1059 1592 meminisse,
1079 1509 1188 1598 priori

298 1682 376 1753 Sub
395 1682 476 1773 iuga
496 1683 677 1750 Romanas
695 1679 791 1748 misit
808 1681 915 1747 niodo
934 1697 1014 1747 nata
1031 1679 1204 1747 cohortes.

301 1853 383 1920 Non
404 1851 551 1940 impune
569 1848 731 1939 quidem,
749 1826 840 1916 iacto
858 1871 974 1938 neque
992 1847 1103 1916 defuit
1123 1848 1240 1932 ultor3

300 2023 395 2090 Nam
415 2042 517 2087 meus
535 2019 728 2109 imperium
747 2020 879 2089 Caesar
895 2018 1037 2087 turbare
1056 2035 1220 2107 parantes

297 2189 473 2260 Contudit
490 2188 633 2279 ingenio
653 2188 793 2270 melior,
814 2187 988 2277 iussitque
1005 2205 1178 2255 crematos

301 2364 501 2426 instaurare
522 2359 649 2445 Lares3
669 2358 814 2424 volvens
832 2379 895 2425 nec
911 2375 1052 2446 tempus
1069 2356 1113 2423 ab
1131 2356 1192 2425 illo

297 2525 547 2616 Compositam
566 2527 716 2593 excussit
734 2547 870 2615 pacem,
889 2547 951 2592 nec
968 2524 1100 2593 destitit
1118 2547 1277 2613 unquam

300 2697 417 2763 Roma
435 2717 563 2784 augere
582 2717 663 2762 suas
680 2694 859 2762 sociorum
878 2693 1004 2761 robore
1023 2693 1124 2761 vires.

300 2864 379 2952 lpse
398 2863 493 2932 viros
510 2863 650 2952 quoties
667 2886 733 2952 ego
750 2885 830 2931 sum
849 2862 999 2931 miratus
1018 2863 1052 2930 in
1072 2863 1194 2947 armis,

298 3031 407 3100 Nulla
425 3031 492 3098 sibi
511 3054 602 3120 quos
619 3030 811 3098 dissimiles
828 3029 952 3098 aliisve
972 3034 1146 3100 secundos

299 3202 409 3267 Nacta
427 3199 502 3267 dies
519 3224 529 3280 ς
548 3199 652 3267 etiam
670 3198 782 3288 probo
800 3200 894 3288 quod
914 3221 985 3266 non
1006 3200 1128 3288 putida
1146 3201 1246 3269 vobis

299 3345 493 3436 Postmodo
513 3367 711 3457 corrumpit
728 3390 782 3435 res
803 3369 1106 3458 magniloquentia
1124 3389 1250 3460 gestas,

299 3537 373 3604 Nec
392 3537 509 3603 malus
527 3536 584 3604 ille
601 3554 652 3604 est
671 3559 749 3604 mos
766 3536 899 3604 alienas
916 3559 1059 3626 carpere
1078 3539 1198 3607 laudes
1218 3546 1239 3606 ¹.

297 3703 400 3792 Quin
421 3723 467 3782 et,
486 3704 515 3771 si
532 3727 599 3793 qua
621 3705 705 3772 tides
724 3704 852 3786 verbis,
872 3703 1011 3772 virtutis
1028 3704 1140 3774 avitae

297 3872 437 3940 Helveti
461 3894 576 3963 nuper
593 3874 806 3940 documenta
824 3873 962 3941 dedisse
980 3872 1155 3943 feruntur.

405 4193 413 4222 ¹
428 4190 547 4246 ¹Tiberis
556 4192 661 4246 ducem
673 4192 901 4247 Lamoricierum
913 4193 998 4248 tacite
1007 4194 1174 4266 redarguere
1184 4197 1297 4254 videtur
1306 4199 1368 4270 qui,
1382 4203 1470 4272 paulo

294 4327 372 4373 ante,
400 4315 437 4368 rei
462 4315 595 4371 militaris
621 4317 735 4371 inscitia
758 4329 786 4371 et
810 4316 939 4371 hostium
962 4334 1085 4374 numero
1105 4319 1276 4388 debellatus,
1298 4339 1359 4393 quo
1379 4326 1469 4380 cladis

297 4435 442 4506 pudorem
457 4455 473 4491 a
488 4454 518 4492 se
530 4451 677 4504 averteret,
696 4439 842 4494 Helvetios
856 4442 1008 4497 auxiliares
1022 4443 1150 4512 ignaviae
1165 4446 1333 4504 insimulare
1349 4449 1469 4504 minime

293 4572 338 4614 est
351 4561 470 4617 teritus¹
