3936 5578
507 471 568 517 202
1026 471 1161 514 ESTHER

508 645 663 735 Imperio
682 644 872 736 Agagides‚
892 663 976 711 etse
994 644 1118 710 tellure
1141 644 1207 710 sub
1226 642 1295 708 ima

506 813 693 883 Occultare
714 809 796 880 velit
813 839 822 894 ς
841 836 962 880 verum
986 835 1056 879 non
1078 811 1210 878 hiscere
1229 829 1349 876 contra

508 982 664 1052 Confidit
681 982 892 1071 quidquam,
912 981 1117 1070 rabiemque
1136 980 1310 1046 introrsus
1327 978 1488 1045 obortam

509 1149 746 1219 Dissimulans
768 1151 870 1218 hilari
890 1151 988 1217 vultu
1007 1151 1173 1216 mandata
1194 1147 1356 1238 capessit,

508 1320 705 1408 Devotique
725 1337 823 1408 parat
839 1319 964 1408 capitis
980 1320 1145 1386 decorare
1162 1317 1382 1407 triumphos.

554 1488 726 1577 Imposito
747 1487 913 1555 frendens
931 1488 991 1575 qui
1011 1505 1199 1576 postquam
1220 1505 1271 1553 est
1292 1507 1441 1553 munere
1462 1484 1620 1560 functus,

510 1659 548 1724 ln
568 1680 630 1724 sua
648 1679 684 1723 se
705 1656 826 1724 sutrim
845 1656 968 1745 recipit
986 1677 1047 1745 per
1065 1655 1166 1722 devia
1184 1673 1285 1736 tecta,

509 1828 607 1910 Fata,
626 1827 722 1908 deos,
741 1825 931 1924 dominum
952 1848 1097 1914 seseque
1116 1825 1174 1892 ubi
1198 1842 1283 1891 teste
1301 1842 1437 1891 remoto

509 1996 662 2078 Incuset‚
680 1993 886 2084 gemituque
905 2015 1047 2084 aegrum
1068 1993 1293 2082 lacrimisque
1313 1993 1474 2059 dolorem

511 2164 679 2232 Effundat
696 2165 821 2246 tacitis
843 2163 974 2232 misero
991 2181 1024 2230 at
1041 2164 1200 2231 solamen
1220 2163 1254 2230 id
1274 2163 1392 2253 ipsum

511 2332 691 2421 Eripitur:
711 2330 836 2399 famuli
855 2354 896 2398 en
916 2333 1056 2414 adsunt,
1077 2332 1136 2420 qui
1156 2331 1301 2398 nomine
1320 2331 1412 2422 regis

512 2503 566 2568 Ne
583 2501 791 2568 celebranda
809 2519 953 2568 monent
974 2500 1068 2568 ineat
1087 2500 1249 2567 convivia
1270 2523 1359 2568 sero.

509 2669 576 2736 Vix
594 2692 679 2737 suus
702 2668 852 2757 imperio
871 2686 982 2758 paret,
1003 2669 1190 2756 subitoque
1211 2670 1384 2736 malorum

511 2837 717 2926 Oppressus
734 2839 879 2904 cumulo
897 2837 1073 2904 exhaustis
1092 2837 1254 2927 graviora
1273 2854 1425 2917 veretur,

511 3005 669 3094 Quoque
690 3006 821 3073 incerta
840 3006 965 3096 magis,
987 3006 1099 3095 magis
1117 3025 1284 3073 eventura
1301 3005 1481 3072 tremiscit.

513 3177 594 3245 Non
615 3175 714 3243 aliter
731 3197 838 3263 quam
857 3198 968 3263 quum
988 3175 1126 3264 biiugos
1144 3197 1253 3263 pavor
1272 3175 1499 3254 incitatam,

511 3344 740 3432 Arbitrioque
759 3344 832 3410 axis
850 3344 1035 3410 volucrum
1058 3361 1214 3432 raptatur
1232 3367 1421 3432 equorum,

514 3517 657 3582 Frustra
675 3513 796 3602 auriga
816 3534 946 3601 pavens
965 3513 1094 3601 pressis
1113 3513 1261 3580 luctatus
1279 3513 1428 3580 habenis

512 3680 645 3750 Omnia
664 3681 808 3746 mandat
829 3679 922 3746 iners
940 3679 1031 3761 fatis,
1053 3698 1085 3747 et
1103 3680 1238 3746 lumina
1257 3680 1377 3748 condit

513 3847 725 3937 Exsanguis,
746 3849 907 3937 geminae
925 3869 1068 3915 causam
1087 3869 1130 3913 ne
1148 3849 1285 3930 mortis
1308 3865 1427 3914 acutos

514 4017 610 4085 Hinc
628 4019 941 4106 cernatscopu105‚
966 4016 1059 4084 illinc
1077 4017 1234 4084 immane
1256 4017 1473 4083 barathrum.

513 4186 599 4273 Quo
617 4185 723 4253 festae
740 4186 942 4252 miserando
960 4186 1084 4273 epulae
1103 4186 1259 4274 lautique
1278 4203 1433 4274 paratus,

513 4353 633 4442 Quem
654 4355 755 4443 nigro
773 4354 1032 4422 circumsiliunt
1053 4354 1215 4422 examine
1231 4378 1334 4422 curae
1351 4358 1361 4422 3«

514 4523 587 4592 Ora
605 4541 722 4590 tamen
744 4523 845 4612 tingit
862 4524 984 4603 solers,
1003 4522 1227 4612 frontemque
1245 4543 1393 4592 serenat.
