3936 5578
704 587 808 632 lunas
834 587 1059 632 ntttcttttBAEUS

339 759 527 844 Laodicea,
546 778 645 828 vetus
664 761 838 850 Raphana
856 779 889 828 et
907 778 1051 828 ventosa
1070 762 1265 829 Damascus

339 927 622 1018 Bambyciaeque
642 951 739 996 arces
756 929 923 1018 antiquae
942 948 974 997 et
992 928 1111 996 nobile
1126 929 1294 1020 Zeugma.

338 1097 422 1166 Mox
438 1099 546 1166 etiam
564 1099 705 1188 imperii
723 1117 828 1188 caput
845 1098 1034 1166 Antiochia
1055 1097 1252 1188 superbum

339 1268 467 1335 Pacem
484 1286 572 1350 orat,
591 1269 811 1356 dominoque
833 1289 926 1335 novo
944 1291 1007 1334 sua
1026 1266 1167 1334 moenia
1186 1267 1321 1356 pandit,

337 1435 413 1524 Qui
433 1439 542 1504 victor
563 1436 730 1504 manibus
748 1455 894 1525 cognata
911 1437 1017 1503 caede
1036 1435 1191 1504 cruentis

336 1605 502 1675 Considit
519 1605 608 1673 solio
627 1627 818 1694 rerumque
836 1622 995 1673 attrectat
1017 1603 1184 1671 habenas.

384 1775 548 1842 Lustrato
567 1775 652 1841 haec
670 1773 760 1842 inter
777 1774 910 1863 templo
929 1772 1168 1840 Machabaeus
1190 1773 1356 1856 honores,

339 1945 418 2012 Dux
437 1943 530 2012 idem
550 1962 731 2032 praestans
748 1942 860 2010 animi
878 1964 1115 2031 summusque
1131 1943 1306 2024 sacerdos,

341 2110 493 2179 Indixit:
514 2111 631 2178 media
650 2110 828 2200 imprimis
845 2111 1023 2202 surgentia
1040 2110 1121 2178 sede

341 2281 475 2348 Evertit
492 2280 680 2347 simulacra
704 2279 811 2358 Iovia,
833 2302 988 2369 saxoque
1009 2279 1152 2362 recenti,

341 2448 452 2538 Quod
472 2471 543 2517 non
562 2448 643 2517 ferri
662 2449 754 2516 acies
774 2449 935 2516 avulsum
955 2471 1042 2537 rupe
1060 2448 1184 2516 cecidit
1205 2453 1228 2530 ยน,
1247 2487 1289 2497 -

339 2618 586 2688 Conscelerata
605 2617 704 2707 Syris
722 2619 866 2705 quando
886 2617 995 2707 prior,
1014 2657 1057 2665 -
1078 2616 1219 2684 inchoat
1236 2639 1345 2685 aram.

342 2786 429 2854 lnde
445 2789 547 2854 datos
565 2786 631 2853 sibi
652 2788 807 2876 poscenti
825 2786 997 2855 divinitus
1015 2785 1114 2876 ignes

340 2954 507 3038 Suscitat,
526 2973 559 3022 et
576 2955 692 3045 largos
713 2954 866 3023 flammis
884 2954 1036 3043 imponit
1052 2955 1200 3036 odores,

344 3126 419 3194 Nec
438 3147 508 3193 non
531 3143 564 3192 et
585 3125 674 3215 parti
694 3124 786 3192 bello
807 3125 898 3192 bene
918 3125 1093 3213 prodigus
1109 3124 1199 3192 aeris

342 3292 517 3361 Liborum
537 3315 711 3376 mensam,
734 3294 880 3383 lychnos
897 3311 1003 3382 atque
1018 3315 1124 3361 aurea
1142 3294 1283 3382 supplet

340 3463 457 3529 Vasa:
491 3464 714 3530 sacerdotum
733 3464 842 3531 multa
863 3462 992 3530 imbuit
1011 3462 1124 3531 hostia
1140 3463 1280 3530 cultros.

342 3631 483 3698 Pronus
502 3629 601 3698 humi
620 3630 705 3698 dum
723 3630 887 3720 quisquis
902 3633 1000 3698 adest
1018 3652 1119 3719 prece
1135 3652 1269 3698 numen
1288 3632 1422 3715 adorat,

345 3799 459 3889 Erigit
473 3815 655 3889 exemptas
671 3799 838 3889 gravibus
855 3818 928 3867 tum
949 3799 1103 3888 denique
1117 3799 1211 3867 curis

342 3966 580 4056 Maiestasque
599 3967 663 4035 loci
683 3985 716 4035 et
732 3968 869 4037 domini
891 3969 1088 4058 praesentia
1106 3988 1253 4038 mentes.

339 4135 515 4205 Vestibuli
535 4137 688 4205 obtentis
705 4137 791 4206 dum
809 4137 907 4206 srons
927 4137 1016 4206 viret
1036 4139 1146 4206 ardua
1163 4137 1277 4222 sertis,

338 4305 488 4396 Fulgida
510 4306 646 4374 nativos
666 4307 853 4397 distinguit
872 4308 1010 4377 bractea
1029 4329 1159 4390 ramos,

404 4654 412 4685 ยน
434 4653 524 4708 Exod.
543 4671 586 4720 20,
602 4656 644 4710 25.
