3972 5654
502 493 566 559 238
783 511 938 556 vrnomrs
964 509 1181 556 narnatoats
1205 510 1390 566 ont-:amna

593 685 651 752 Me
673 684 756 752 satis
773 702 824 752 est
842 685 958 752 tardas
976 685 1172 750 moerendo
1192 683 1319 750 ducere
1338 683 1445 764 luces,

637 853 805 942 Quarum
824 853 1047 922 commodior
1065 853 1162 920 nulla
1180 852 1296 941 priore
1316 852 1423 920 venit.

595 1023 673 1090 Nox
691 1023 813 1091 saltem
833 1041 906 1090 acta
926 1021 1007 1110 poio
1022 1022 1117 1089 luctu
1135 1043 1192 1088 me
1211 1021 1370 1088 sublevet
1384 1041 1542 1106 aegram,

638 1191 832 1280 Quamque
850 1192 937 1258 solet
956 1190 1102 1280 reliquis
1120 1209 1152 1257 et
1171 1189 1257 1256 mibi
1277 1207 1430 1279 praestet
1446 1211 1563 1278 opem.

595 1361 658 1429 llla
676 1361 735 1427 sed
755 1360 788 1427 in
810 1377 948 1428 nostros
969 1360 1129 1427 coniurat
1147 1359 1270 1448 iniqua
1289 1358 1440 1432 dolores,

639 1531 735 1596 Dum
757 1547 871 1618 portat
889 1551 1007 1597 secum
1027 1530 1167 1596 somnia
1187 1551 1282 1595 cassa
1304 1529 1384 1596 fide.

599 1699 726 1787 Nuper
743 1698 852 1779 enim,
872 1699 1038 1766 dederam
1061 1720 1138 1765 sero
1159 1719 1272 1785 quum
1291 1697 1451 1764 membra
1470 1697 1603 1786 soporiq

638 1866 846 1934 Turbarunt
863 1889 988 1934 sensus
1005 1866 1087 1933 talia
1106 1865 1179 1933 visa
1199 1889 1307 1934 meos.

596 2034 712 2103 Dotali
733 2034 766 2101 in
787 2033 897 2102 fundo
917 2034 1119 2123 nitidaeque
1137 2054 1216 2102 ante
1233 2035 1320 2102 ostia
1341 2035 1454 2110 villae,

644 2204 745 2272 Flore
765 2226 857 2270 novo
880 2203 1011 2293 passim
1033 2203 1190 2271 consitus
1209 2205 1331 2271 hortus
1348 2221 1421 2271 erat
1438 2229 1447 2287 3

595 2372 864 2461 Gramineoque
883 2371 930 2439 ibi
950 2372 1036 2440 fulta
1054 2390 1144 2454 toro,
1168 2373 1289 2462 procul
1309 2371 1389 2440 inde
1409 2391 1606 2440 morantem

642 2539 811 2609 Accibam
832 2541 934 2622 votis,
953 2541 1056 2608 anxia
1075 2560 1197 2630 nupta,
1218 2542 1359 2620 virum3

599 2712 627 2778 F
630 2709 800 2778 atidicum
818 2711 860 2777 de
879 2733 950 2800 quo
968 2711 1159 2799 poscebam
1176 2712 1317 2779 oracula
1338 2711 1476 2794 florem,

643 2883 699 2947 An
719 2877 785 2945 sibi
803 2900 887 2946 cura
909 2878 977 2948 mei
998 2902 1124 2970 magna
1142 2879 1304 2948 minorve
1321 2879 1421 2947 foret.

599 3047 741 3115 Restitit
759 3066 795 3115 ut
812 3049 986 3131 medinm,
1004 3048 1098 3117 foliis
1115 3049 1246 3117 circum
1267 3049 1427 3139 undique
1446 3049 1568 3134 vulsis,

645 3214 779 3285 Omina
800 3239 889 3305 quae
909 3216 1002 3284 volui
1022 3235 1146 3306 sponte
1167 3218 1219 3284 vel
1237 3237 1309 3286 arte
1327 3218 1435 3286 dedit.

598 3391 692 3455 Ante
710 3386 818 3474 pedes
835 3386 907 3452 duo
926 3385 1106 3468 ludebant,
1128 3408 1207 3454 mea
1228 3388 1372 3477 gandia,
1392 3388 1478 3470 nati,

648 3555 723 3620 Nec
740 3553 829 3619 bene
846 3553 1029 3620 constabat
1049 3553 1230 3642 pulchrior
1250 3572 1339 3622 esset
1357 3573 1444 3623 utet.

603 3724 650 3792 Ut
668 3745 730 3789 sua
747 3723 943 3790 consimilis
961 3723 1132 3812 prodebat
1152 3723 1265 3791 forma
1283 3724 1464 3815 gemellos,

646 3891 706 3961 Sic
723 3891 850 3959 fateare
874 3891 942 3958 illis
964 3892 1073 3961 instar
1091 3893 1205 3960 inesse
1224 3917 1356 3962 meum.

604 4061 664 4126 Me
682 4081 823 4149 quoque
839 4060 1027 4149 captabant
1045 4061 1165 4129 blandi
1185 4080 1404 4150 matremque
1423 4063 1615 4130 vocabant:

645 4229 771 4317 Quam
788 4229 890 4296 dulce
909 4230 974 4297 hoc
993 4253 1146 4319 puerum
1166 4253 1295 4298 nomen
1316 4231 1349 4298 in
1368 4253 1428 4299 ore
1449 4230 1536 4299 fuit!

606 4400 743 4466 Interea
764 4418 925 4489 repetens
942 4400 1117 4467 consortia
1135 4419 1222 4468 tecta
1243 4401 1391 4468 maritus

650 4567 794 4636 Festino
810 4569 927 4655 tetigit
946 4569 1067 4637 limina
1084 4570 1198 4659 prima
1217 4571 1339 4660 gradu.
