3970 5580
486 513 545 578 108
893 534 939 578 nn
960 533 1102 578 procura
1123 533 1248 580 sarran

482 708 677 797 Correptus
694 706 800 790 ferre,
819 705 966 796 obliquo
986 706 1172 776 molimine
1190 709 1330 775 dextrae

482 875 646 956 vellitur,
663 893 695 942 et
716 875 889 943 comitum
909 876 1044 943 luctans
1062 897 1101 942 ex
1119 875 1244 944 ordine
1262 875 1364 943 cedit.

481 1042 616 1112 Allixus
634 1044 751 1126 sellae,
771 1043 930 1133 rictuque
947 1043 1110 1112 misellus
1129 1043 1237 1111 hianti

484 1211 663 1292 Exululat‚
682 1210 908 1278 lacrimarum
927 1211 1040 1278 oculis
1060 1213 1146 1279 dum
1166 1211 1345 1301 rumpitur
1365 1211 1490 1278 imber.

484 1380 569 1446 Mox
585 1379 740 1468 exsurgit
759 1402 869 1446 ovans
887 1380 982 1467 quod
1001 1379 1044 1446 sit
1066 1379 1233 1447 radicitus
1249 1380 1313 1447 atri

483 1547 600 1617 Causa
618 1547 733 1615 ablata
750 1547 848 1629 mali,
868 1547 1038 1636 liceatque
1059 1547 1244 1616 admittere
1263 1569 1419 1616 somnos.

532 1717 589 1784 Tu
608 1733 725 1784 tamen
744 1739 763 1784 a
783 1715 913 1784 nostris
930 1734 1074 1805 torques
1095 1716 1325 1785 sermonibus
1343 1739 1467 1785 aurem

487 1884 667 1975 Frigidus,
687 1903 726 1952 ut
743 1886 888 1953 laterem
906 1886 1026 1952 videar
1044 1884 1169 1953 lavisse
1188 1887 1380 1953 nronend0.

487 2053 588 2142 Quin
612 2053 719 2137 rides,
742 2071 797 2121 et:
819 2055 902 2122 «Da
922 2054 1084 2122 veniarn:
1108 2053 1197 2121 milri
1216 2054 1376 2145 contigit,
1396 2055 1535 2144 inquis,

486 2221 607 2309 Quam
628 2244 698 2290 non
720 2221 793 2311 ipse
811 2241 929 2311 queat,
947 2223 975 2289 si
995 2241 1116 2303 tentet,
1138 2245 1280 2312 carpere
1299 2223 1400 2303 livor,

485 2391 579 2457 Tam
596 2389 687 2480 frugi
707 2409 770 2472 est,
794 2391 917 2471 solers,
936 2391 1074 2471 alacris,
1093 2390 1262 2472 formosa,
1282 2391 1423 2480 pudica,

488 2558 737 2645 Ingeniosa...
756 2583 772 2623 »
790 2560 897 2642 Tace,
920 2559 1003 2626 satis
1020 2578 1095 2641 est3
1116 2560 1258 2650 ignosce
1278 2560 1438 2641 molest0‚

490 2727 566 2816 Qui
585 2727 694 2795 maris
717 2727 864 2795 insidias
881 2746 913 2795 et
933 2745 1020 2795 tecta
1039 2727 1169 2818 pericla
1187 2728 1346 2808 canebat,

488 2895 613 2984 Quum
633 2896 695 2962 tibi
719 2896 786 2963 iam
806 2913 911 2964 staret
928 2897 1092 2964 defuncta
1111 2896 1145 2963 in
1166 2897 1267 2965 litore
1285 2897 1428 2987 puppis.

488 3063 633 3134 Sirenas
650 3065 805 3132 breviter
822 3065 933 3153 prosit
951 3087 1166 3133 memorasse
1189 3083 1367 3148 nocentes,

489 3232 673 3301 Materiam
695 3256 808 3322 quum
824 3234 879 3300 vix
896 3253 1035 3321 caperet
1054 3234 1141 3302 liber
1159 3257 1251 3302 unus
1269 3253 1303 3303 et
1319 3235 1414 3302 alter.

488 3401 796 3490 Quandoquidem
815 3401 964 3492 Superis
983 3403 1016 3469 in
1037 3421 1068 3470 te
1089 3420 1160 3470 tam
1183 3425 1293 3493 prona
1312 3404 1489 3484 voluntas,

490 3572 579 3653 Duc,
599 3569 704 3653 bone‚
723 3570 791 3638 duc
809 3571 928 3652 hodie,
947 3593 990 3639 ne
1011 3589 1061 3638 tot
1080 3595 1266 3640 vanescere
1284 3573 1383 3639 dotes

490 3739 594 3806 Forte
613 3739 712 3827 prius
730 3739 848 3806 videas
866 3756 981 3807 sumat
999 3762 1107 3829 quarn
1127 3741 1291 3808 flammea
1310 3740 1420 3831 virgo.

491 3907 597 3974 Nunc
614 3907 676 3974 tibi
695 3909 823 3998 gratari
846 3909 942 3976 iuvat
959 3927 992 3976 et
1010 3908 1101 3976 bona
1119 3909 1235 3976 dicere
1253 3909 1358 3976 verba
1377 3931 1385 3996 ;

488 4076 585 4143 Tum
604 4075 632 4142 si
654 4094 732 4164 post
749 4077 866 4144 taedas
884 4076 932 4144 nil
952 4078 1094 4145 demere
1117 4078 1282 4146 laudibus
1304 4077 1377 4144 istis

492 4243 571 4332 lpse
592 4245 700 4327 voles,
721 4245 853 4313 Phario
871 4246 1035 4334 plaudam
1056 4245 1228 4334 phoenice
1247 4266 1395 4335 reperto.
