3972 5654
516 539 581 604 268
814 558 930 604 TOBlAE
957 559 1113 604 lllNlORlS
1137 558 1396 603 PEREGRINATIO

564 732 791 801 Commendo
812 731 936 801 Saram
957 732 1115 815 famulis,
1134 750 1239 821 atque
1256 731 1337 800 alite
1354 753 1474 822 gressu

606 901 782 969 Antevolo
800 923 808 964 ι
829 923 954 990 passus
972 919 1100 990 aequat
1116 918 1149 969 et
1167 899 1223 967 ille
1241 922 1351 968 meos.

561 1070 668 1137 Tecta
685 1069 815 1137 domus
832 1069 975 1137 tandem
996 1069 1183 1157 vultusque
1201 1067 1316 1136 reviso
1334 1090 1512 1147 meorum,

609 1238 696 1306 Plus
715 1238 827 1306 nimio
847 1238 979 1326 quibus
999 1256 1050 1305 est
1069 1261 1123 1305 me
1143 1237 1297 1305 caruisse
1318 1237 1427 1305 semel
1444 1262 1454 1318 ς

560 1405 846 1496 Optandumque
865 1405 953 1473 milti
972 1405 1170 1495 quidquam
1189 1429 1371 1496 superesse
1391 1428 1572 1497 negarem,

610 1572 761 1640 Reddita
779 1571 806 1639 si
827 1571 944 1654 nobis,
962 1571 1096 1661 optima
1115 1591 1238 1662 nupta,
1260 1571 1363 1640 fores.
1384 1601 1404 1636 »

562 1740 634 1808 Hic
655 1740 715 1808 ubi
736 1739 905 1809 conticuit
923 1740 1073 1823 iuvenis,
1091 1741 1289 1831 studiisque
1309 1742 1490 1810 faventum

608 1911 702 1978 Dum
722 1908 862 1992 fruitur,
882 1910 1005 1979 stridet
1021 1911 1165 1978 cardine
1186 1933 1282 1978 versa
1301 1911 1397 1990 foris,

563 2081 827 2168 Externamque
847 2079 952 2148 refert
968 2102 1068 2147 serva
1086 2081 1273 2148 adventare
1295 2081 1464 2170 puellam,

611 2249 710 2316 Pone
728 2266 886 2317 armenta
907 2248 1006 2337 sequi
1026 2248 1272 2340 lanigerosque
1294 2271 1432 2340 greges.

563 2419 643 2486 Nec
660 2439 758 2484 mora
776 2416 900 2485 festivo
922 2417 1087 2485 miscetur
1105 2440 1228 2485 mensa
1245 2418 1401 2486 tumultu
1421 2446 1427 2485 :

609 2586 792 2657 Omnibus
809 2604 860 2654 est
880 2586 988 2657 Sarae
1007 2607 1136 2654 nornen
1158 2587 1190 2653 in
1210 2609 1270 2655 ore
1288 2587 1466 2676 frequens.

562 2757 797 2846 Consurgunt
817 2754 945 2838 stratis,
969 2755 1158 2845 studioque
1175 2756 1285 2823 excita
1307 2755 1450 2824 videndi

607 2924 833 2992 Vestibulum
852 2946 1002 3014 propere
1022 2925 1176 3014 complet
1195 2924 1307 2992 amica
1325 2926 1465 2993 cohors.

561 3098 656 3162 Ante
676 3093 768 3161 fores
785 3093 967 3161 dominam
986 3091 1165 3183 duplicato
1186 3116 1287 3160 crure
1305 3095 1461 3161 camelus

607 3261 737 3330 Invitat
754 3279 852 3352 tergo
869 3261 1053 3330 desiluisse
1072 3285 1149 3328 suo.

562 3430 755 3520 Excipiunt
773 3448 920 3520 nuptam
938 3431 1067 3498 coniux
1084 3431 1289 3521 geminique
1311 3449 1485 3520 parentes,

609 3600 652 3668 Et
669 3599 785 3667 verbis
802 3599 935 3667 sociant
952 3600 1070 3667 oscula
1089 3621 1207 3689 pressa
1232 3598 1344 3666 bonis.

563 3768 732 3860 Egregias
748 3767 883 3836 formae
900 3771 999 3836 dotes
1019 3768 1230 3857 habitusque
1248 3770 1427 3836 modestos

606 3936 794 4008 Submisso
811 3936 961 4004 celebrat
985 3959 1167 4005 murmure
1186 3936 1350 4026 quisquis
1368 3937 1476 4005 adest.

560 4106 728 4174 Adventu
747 4105 870 4172 vicisse
887 4127 951 4172 suo
970 4105 1156 4195 praeconia
1175 4103 1289 4173 famae

606 4273 679 4344 Ore
696 4272 813 4340 ferunt
832 4295 915 4354 uno,
936 4272 1024 4340 livor
1041 4290 1074 4339 at
1094 4273 1167 4363 ipse
1185 4273 1274 4341 silet.

558 4442 621 4514 Sic
638 4441 844 4511 circumfusi
864 4441 1017 4509 mediam
1036 4441 1070 4509 in
1095 4442 1287 4531 penetralia
1304 4442 1464 4511 ducunt:

607 4610 774 4699 Quisque
792 4609 859 4678 sibi
878 4609 1075 4699 alloquium
1095 4610 1281 4678 sedulitate
1299 4611 1396 4700 petit.
