3936 5578
703 560 808 604 illuns
833 561 1057 608 lllllCllABAEUS

334 730 441 799 Tibia
459 755 553 799 nunc
574 732 703 800 iterum
721 753 822 801 sonat
840 757 943 818 unca,
962 734 1096 823 diuque
1115 753 1273 826 repostae

335 900 516 991 Virgineis
537 901 667 969 iterum
689 902 843 970 citharae
860 905 945 970 dant
965 903 1065 993 signa
1082 905 1232 972 choreis.

382 1071 520 1138 lnsessa
538 1071 597 1138 sed
616 1072 732 1140 adbuc
751 1071 882 1142 Graius
902 1073 1106 1142 dominator
1124 1075 1168 1142 ab
1186 1097 1278 1157 arce,

338 1239 387 1308 Ut
404 1263 467 1307 sua
483 1257 608 1307 trunca
628 1241 722 1309 videt
742 1260 967 1311 consternere
991 1242 1141 1310 numina
1160 1259 1304 1326 terram,

336 1406 455 1478 Saevit
475 1408 510 1476 in
529 1410 693 1477 absentes
716 1433 786 1478 non
807 1412 876 1478 iam
898 1411 1101 1479 munimine
1119 1429 1229 1494 tutus,

337 1576 571 1665 Inclususque
590 1596 685 1646 metu
704 1579 857 1668 trepidat
874 1578 1060 1647 defendere
1083 1602 1216 1648 muros.

333 1744 439 1834 Quos
459 1765 578 1815 autem
595 1771 614 1814 a
630 1749 724 1817 cultu
745 1749 928 1817 deflectere
948 1749 1058 1818 suasit
1074 1750 1182 1830 avim,

336 1915 448 2004 Inque
470 1917 587 1983 aulam
606 1918 769 2005 perduxit
786 1939 897 2006 opum
914 1917 1051 1986 funesta
1069 1918 1213 2008 cupid0,

334 2084 490 2153 Hebraei
508 2085 706 2153 obstantem
727 2086 924 2154 Matbatlria
947 2089 1093 2177 perdere
1116 2106 1240 2154 natum

334 2251 481 2322 Collatis
494 2253 618 2321 ardent
631 2254 736 2336 odiis,
752 2276 944 2343 rerumque
961 2254 1087 2344 potiri3

334 2420 494 2488 Alcimus
515 2439 594 2488 ante
612 2444 751 2505 omnes,
770 2445 842 2511 quo
862 2445 933 2490 non
952 2423 1153 2491 sceleratior
1171 2424 1278 2506 ullus,

334 2589 516 2657 Pontificis
535 2613 665 2658 nomen
685 2591 789 2660 donis
807 2609 983 2658 mercatus
1000 2611 1032 2660 et
1053 2614 1140 2659 auro

334 2758 533 2842 Incassum,
547 2777 690 2848 optatos
707 2762 851 2848 quando
871 2778 966 2828 tenet
983 2760 1069 2829 alter
1086 2761 1251 2829 honores.

333 2927 421 3018 Regi
443 2928 522 2996 ideo
542 2927 639 2996 falsis
659 2927 889 2996 sermonibus
906 2947 1054 3018 occupat
1070 2952 1186 3013 aures,

332 3098 446 3186 lnque
463 3096 538 3164 dies
554 3097 676 3166 condit
692 3097 788 3165 fandi
809 3121 899 3166 nova
916 3099 1067 3167 crimina
1086 3100 1206 3167 fictor:

334 3266 507 3334 Iudaeum
530 3266 675 3334 Macetis
692 3267 779 3334 olim
798 3267 884 3356 quid
906 3268 1038 3356 profuit
1058 3269 1181 3336 orbem

327 3433 507 3524 ,Subdere
525 3434 554 3502 si
574 3457 662 3502 vana
680 3436 818 3524 pietatis
836 3435 990 3526 imagine
1006 3437 1196 3526 quisquam

334 3603 473 3672 Misceri
488 3607 648 3695 geminas
663 3624 753 3673 vetat
770 3625 803 3674 et
819 3607 1011 3674 coalescere
1029 3625 1163 3697 gentes,

331 3773 561 3862 Victoresque
579 3797 661 3841 suos
682 3797 767 3842 usus
785 3774 969 3865 imponere
988 3775 1114 3843 victis?

331 3940 472 4011 Scilicet
492 3964 585 4009 unus
603 3943 668 4010 erit
684 3943 741 4011 cui
755 3944 945 4030 detrectare
965 3943 1085 4011 licebit

331 4110 534 4180 Commune
554 4111 783 4200 obsequium,
805 4130 994 4201 motusque
1011 4112 1101 4180 ciere
1120 4115 1309 4202 repentes?

333 4277 408 4344 lam
429 4299 499 4345 non
519 4278 577 4344 ille
594 4277 688 4346 ferox
708 4279 855 4347 delubra
872 4299 1027 4348 evertere
1048 4280 1173 4347 divum

330 4447 591 4538 Cultorumque
608 4471 686 4516 aras
703 4449 842 4517 dubitat
859 4472 1061 4541 respergere
1079 4451 1196 4518 caede.

330 4619 377 4684 At
394 4639 456 4684 sua
474 4616 502 4684 si
522 4618 643 4686 saltem
662 4637 796 4688 constet
810 4620 1003 4688 reverentia
1022 4621 1108 4711 regi,
