3972 5654
695 546 850 592 sumntum
878 547 1092 594 PONTlFlCEM

352 720 448 786 Dum
466 719 571 802 canit,
592 719 686 786 haud
704 738 820 788 tamen
839 737 891 788 est
908 738 1041 788 vestrae
1060 739 1157 811 pater
1175 720 1322 789 immem

397 887 519 958 Oblita
537 911 627 978 quos
644 888 756 978 signis
773 889 890 958 charta
911 908 1046 957 vetusta
1063 889 1180 958 trahit.

355 1059 466 1125 Eruta
485 1057 694 1147 iampridem
713 1058 817 1126 saecli
835 1075 1069 1126 monumenta
1088 1059 1216 1149 prioris

399 1226 539 1297 Scrinia
556 1248 646 1316 quae
664 1227 833 1294 claudunt
851 1249 945 1294 nunc
967 1249 1119 1296 reserare
1137 1227 1248 1309 iubet,

355 1395 568 1484 Defixosque
585 1414 705 1463 tenent
724 1395 851 1464 iterum
870 1396 1042 1464 tabularia
1060 1395 1169 1474 visus

399 1565 511 1632 Nocte
532 1564 598 1632 sub
617 1563 742 1632 infesta
759 1586 848 1654 quae
867 1565 998 1633 latuere
1018 1564 1093 1632 diu.

351 1738 603 1822 Approperant
620 1733 753 1824 priscos
768 1733 888 1824 cupidi
908 1734 1085 1802 recludere
1103 1733 1231 1815 fontes,

400 1904 442 1970 Et
462 1902 568 1992 largis
586 1904 742 1970 relevant
760 1903 946 1970 haustibus
964 1903 1045 1971 inde
1063 1902 1172 1971 sitim.

351 2409 459 2498 Quae
477 2428 594 2477 tamen
613 2409 757 2491 interea,
779 2409 952 2500 Ligurum
974 2409 1037 2478 tibi
1057 2409 1223 2499 pessime,
1244 2409 1326 2490 sata,

400 2578 595 2668 Imperium
618 2578 733 2668 gentis
750 2578 809 2668 qui
830 2578 1005 2646 violentus
1023 2579 1157 2646 habes?

353 2745 525 2817 Scenicus
543 2746 732 2836 imperium
753 2747 852 2814 vobis
869 2747 965 2835 quod
983 2746 1127 2814 tradidit
1146 2747 1261 2825 heros,

401 2916 496 2983 Ense
516 2914 621 3006 fugax
642 2915 730 2998 viso,
750 2915 952 3004 proditione
970 2933 1103 3004 potens.

353 3085 409 3151 Te
427 3083 534 3173 septis
551 3085 700 3152 tolerare
721 3101 851 3174 negant
871 3084 1044 3174 longeque
1065 3083 1241 3173 repellunt

402 3251 601 3319 Fulmineis
618 3253 798 3340 quondam
818 3253 958 3320 moenia
976 3274 1104 3341 quassa
1119 3251 1245 3343 globis.

354 3420 527 3489 Praebuit
544 3423 743 3510 ingressum
761 3442 831 3509 qua
848 3420 955 3488 clavis
972 3421 1130 3489 adultera
1150 3437 1304 3510 turpem,

400 3591 497 3660 Cede
516 3589 714 3678 Quirinali,
734 3590 826 3680 regie
849 3590 948 3671 latro,
970 3590 1089 3657 domo.

357 3759 434 3826 Iam
453 3759 536 3827 satis
554 3776 659 3842 atque
677 3780 783 3848 super
800 3757 997 3848 penetravit
1016 3757 1116 3825 foeda
1134 3758 1244 3826 libido

401 3929 445 3995 Et
461 3926 612 3995 lascivus
629 3949 730 3995 amor
747 3924 870 3993 limina
888 3943 980 3992 casta
997 3925 1107 4015 prius.

356 4095 533 4166 Obsessas
552 4113 762 4185 properante
779 4094 861 4185 luga
880 4093 946 4161 nisi
965 4093 1110 4182 liqueris
1126 4095 1242 4174 aedes,

401 4265 593 4355 Opprimet
610 4263 797 4332 infandum
817 4263 906 4348 iusta
925 4262 1027 4331 ruina
1045 4280 1161 4351 caput.

356 4437 449 4525 Lege
468 4433 531 4502 tibi
550 4433 677 4503 frustra
695 4448 843 4500 noceant
861 4454 904 4499 ne
921 4431 1070 4499 crimina
1087 4451 1231 4499 cautum
1249 4450 1299 4499 est
1315 4458 1321 4510 ;

401 4605 613 4673 Commenta
633 4625 695 4670 nec
712 4601 808 4670 enim
826 4600 961 4668 luditur
980 4617 1053 4668 arte
1072 4603 1179 4669 Deus.

1418 529 1479 594 313

1326 743 1366 789 or
1382 721 1479 804 artis,

1331 4760 1502 4837 ff...
1530 4792 1540 4799 .
