3942 5592
830 560 965 603 nsrttna
1422 542 1485 605 205

314 739 418 801 Anne
436 733 517 821 quis
536 732 592 800 ille
611 756 712 822 rogas
730 732 926 800 etiamnum
947 734 958 799 ἓ
980 735 1087 800 Hunc
1103 733 1242 822 adspice
1259 755 1376 800 coram

313 907 542 970 Avertentem
561 903 682 968 oculos
699 920 802 990 atque
822 903 864 969 ad
885 924 960 968 mea
978 900 1068 969 dicta
1087 919 1285 990 paventem.

313 1069 351 1141 Si
371 1088 473 1159 negat
489 1069 700 1146 admissum,
720 1093 785 1158 pto
802 1093 856 1137 me
874 1093 957 1137 crux
977 1070 1035 1136 illa
1056 1072 1234 1158 loquatur,

313 1238 417 1327 Quae
436 1259 632 1328 patruoque
652 1261 731 1305 meo
749 1239 911 1328 regisque
930 1258 1048 1328 parata
1066 1238 1182 1306 clienti

313 1409 419 1475 Istius
437 1408 548 1498 surgit
569 1427 638 1474 non
658 1407 767 1475 falsus
786 1407 819 1475 in
839 1407 985 1474 aedibus
1008 1408 1161 1474 index.»

358 1578 502 1644 lnsueto
521 1578 603 1643 haec
622 1577 712 1643 inter
730 1578 893 1643 turbatus
913 1576 1017 1643 verba
1034 1577 1187 1644 tumultu
1219 1638 1224 1652 ,

313 1746 495 1813 Dicentem
514 1747 621 1812 modo
644 1769 715 1828 rex,
734 1746 842 1812 modo
863 1745 1058 1813 deformata
1077 1764 1194 1812 tuetur

310 1915 459 1983 Attoniti
478 1937 538 1982 ora
560 1916 619 1982 tei.
647 1915 761 1981 Veluti
780 1933 855 1981 tutn
874 1914 1027 2003 denique
1049 1937 1174 1982 somno

312 2086 488 2152 Excussus
507 2107 577 2151 non
596 2103 675 2150 ante
693 2083 755 2151 viri
780 2083 929 2150 miratur·
946 2102 1085 2172 apertos

313 2252 535 2342 perspexisse
553 2253 674 2320 dolos:
696 2253 907 2342 iampridem
928 2253 961 2319 in
983 2253 1067 2320 retia
1087 2254 1224 2341 lapsum

312 2423 342 2488 N
350 2445 415 2489 unc
438 2421 621 2488 manifesta
640 2422 725 2488 tides
744 2449 750 2487 :
771 2421 933 2489 stirnulos
955 2421 1071 2511 pudor
1089 2421 1207 2489 adiicit
1225 2421 1308 2489 irae.

310 2592 485 2658 Iudicium
506 2592 564 2658 sed
587 2590 681 2657 enim
701 2591 783 2679 quia
806 2591 1034 2680 praecipitare
1054 2609 1206 2670 veretur,

309 2759 392 2830 Sola
410 2759 494 2849 perit
513 2760 599 2841 loca,
621 2760 856 2848 florentesque
879 2760 1099 2850 perambulat
1117 2761 1251 2842 hortos

307 2930 429 2997 Ardua
446 2929 505 2996 ubi
523 2930 648 2996 cedrus
668 2931 805 3018 palmae
824 2930 952 2997 sociata
968 2929 1122 2996 comanti

309 3097 453 3168 Solibus
470 3099 618 3165 exclusis
639 3098 750 3188 frigus
767 3093 936 3166 su'stentat
954 3120 1118 3188 opacum.

310 3267 453 3356 Primus
471 3286 507 3334 ut
522 3290 669 3335 accenso
688 3270 833 3357 paulum
852 3268 1027 3335 deferbuit
1045 3286 1174 3344 aestus,

307 3443 423 3525 Atque
441 3456 601 3504 serenato
622 3438 712 3505 redit
729 3437 762 3506 in
783 3437 934 3505 triclinia
956 3439 1068 3517 vultu,

309 3608 380 3674 Res
398 3607 487 3673 tnale
506 3607 638 3695 sopitos
656 3609 783 3675 iterum
804 3629 893 3674 nova
912 3607 1054 3674 suscitat
1070 3606 1180 3696 ignes.

308 3777 395 3843 Ecce
413 3776 555 3843 acclinis
571 3783 687 3844 Aman
709 3778 863 3865 spondae
881 3799 950 3864 qua
969 3776 1062 3866 regia
1080 3798 1209 3864 corpus

307 3945 520 4035 Composuit
537 3946 678 4027 coniux,
698 3946 917 4036 genibusque
936 3946 1080 4014 iacentis
1098 3945 1288 4014 inhaerens

307 4116 421 4183 Multo
439 4138 519 4183 curn
536 4115 667 4206 gemitu
688 4115 825 4183 veniam
847 4116 1011 4204 poscebat
1029 4116 1072 4183 ab
1091 4116 1161 4183 illa.
1186 4179 1190 4188 .

305 4287 399 4353 Turn
418 4286 500 4353 laesi
520 4292 697 4354 Assuerus
713 4286 815 4354 furiis
832 4287 982 4376 agitatus
1000 4286 1152 4353 amoris:

305 4455 482 4526 «Scilicet
500 4456 533 4523 id
555 4456 704 4524 restabat
721 4457 848 4538 adbuc,
869 4474 907 4524 ut
922 4456 1083 4545 proditor
1101 4456 1163 4523 iste

305 4625 471 4694 Consorti
492 4643 628 4692 nostrae
651 4647 706 4692 nte
729 4625 800 4692 vim
817 4643 993 4714 spectante
1012 4630 1175 4714 pararet!
