<?xml version="1.0" encoding="UTF-8"?>
<!DOCTYPE html PUBLIC "-//W3C//DTD XHTML 1.0 Transitional//EN"
    "http://www.w3.org/TR/xhtml1/DTD/xhtml1-transitional.dtd">
<html xmlns="http://www.w3.org/1999/xhtml" xml:lang="en" lang="en">
 <head>
  <title>
</title>
<meta http-equiv="Content-Type" content="text/html;charset=utf-8" />
  <meta name='ocr-system' content='tesseract 3.04.00' />
  <meta name='ocr-capabilities' content='ocr_page ocr_carea ocr_par ocr_line ocrx_word'/>
</head>
<body>
  <div class='ocr_page' id='page_1' title='image "./petriesseivacar00essegoog_0139.png"; bbox 0 0 3970 5580; ppageno 0'>
   <div class='ocr_carea' id='block_1_1' title="bbox 684 609 1192 655">
    <p class='ocr_par' dir='ltr' id='par_1_1' title="bbox 684 609 1192 655">
     <span class='ocr_line' id='line_1_1' title="bbox 684 609 1192 655; baseline 0.006 -3"><span class='ocrx_word' id='word_1_1' title='bbox 684 609 718 652; x_wconf 93' lang='lat' dir='ltr'>lN</span> <span class='ocrx_word' id='word_1_2' title='bbox 745 609 923 654; x_wconf 83' lang='lat' dir='ltr'>MULIERES</span> <span class='ocrx_word' id='word_1_3' title='bbox 948 610 1192 655; x_wconf 75' lang='lat' dir='ltr'>Entnn&#39;ctt’ATtts</span> 
     </span>
    </p>
   </div>
   <div class='ocr_carea' id='block_1_2' title="bbox 459 780 1355 875">
    <p class='ocr_par' dir='ltr' id='par_1_2' title="bbox 459 780 1355 875">
     <span class='ocr_line' id='line_1_2' title="bbox 459 780 1355 875; baseline 0.004 -26"><span class='ocrx_word' id='word_1_4' title='bbox 459 780 671 871; x_wconf 83' lang='lat' dir='ltr'>Nativisque</span> <span class='ocrx_word' id='word_1_5' title='bbox 693 781 759 849; x_wconf 86' lang='lat' dir='ltr'>luit</span> <span class='ocrx_word' id='word_1_6' title='bbox 779 782 898 850; x_wconf 83' lang='lat' dir='ltr'>villis?</span> <span class='ocrx_word' id='word_1_7' title='bbox 921 785 1027 852; x_wconf 92' lang='lat' dir='ltr'>Nunc</span> <span class='ocrx_word' id='word_1_8' title='bbox 1043 807 1185 875; x_wconf 84' lang='lat' dir='ltr'>surgere</span> <span class='ocrx_word' id='word_1_9' title='bbox 1200 803 1355 875; x_wconf 79' lang='lat' dir='ltr'>tempus,</span> 
     </span>
    </p>
   </div>
   <div class='ocr_carea' id='block_1_3' title="bbox 455 947 1414 1042">
    <p class='ocr_par' dir='ltr' id='par_1_3' title="bbox 455 947 1414 1042">
     <span class='ocr_line' id='line_1_3' title="bbox 455 947 1414 1042; baseline 0.005 -25"><span class='ocrx_word' id='word_1_10' title='bbox 455 947 491 1018; x_wconf 95' lang='lat' dir='ltr'>O</span> <span class='ocrx_word' id='word_1_11' title='bbox 509 949 635 1032; x_wconf 79' lang='lat' dir='ltr'>sociae,</span> <span class='ocrx_word' id='word_1_12' title='bbox 654 949 823 1018; x_wconf 88' lang='lat' dir='ltr'>timidum</span> <span class='ocrx_word' id='word_1_13' title='bbox 845 973 939 1018; x_wconf 92' lang='lat' dir='ltr'>nunc</span> <span class='ocrx_word' id='word_1_14' title='bbox 955 951 1111 1041; x_wconf 91' lang='lat' dir='ltr'>denique</span> <span class='ocrx_word' id='word_1_15' title='bbox 1129 975 1259 1042; x_wconf 88' lang='lat' dir='ltr'>ponere</span> <span class='ocrx_word' id='word_1_16' title='bbox 1278 975 1414 1037; x_wconf 75' lang='lat' dir='ltr'>sexum,</span> 
     </span>
    </p>
   </div>
   <div class='ocr_carea' id='block_1_4' title="bbox 452 1119 1473 4597">
    <p class='ocr_par' dir='ltr' id='par_1_4' title="bbox 452 1119 1473 4597">
     <span class='ocr_line' id='line_1_4' title="bbox 459 1119 1446 1214; baseline 0.006 -30"><span class='ocrx_word' id='word_1_17' title='bbox 459 1119 726 1208; x_wconf 85' lang='lat' dir='ltr'>Barbatumque</span> <span class='ocrx_word' id='word_1_18' title='bbox 743 1141 855 1209; x_wconf 85' lang='lat' dir='ltr'>genus</span> <span class='ocrx_word' id='word_1_19' title='bbox 872 1121 964 1188; x_wconf 85' lang='lat' dir='ltr'>male</span> <span class='ocrx_word' id='word_1_20' title='bbox 980 1121 1089 1210; x_wconf 90' lang='lat' dir='ltr'>partis</span> <span class='ocrx_word' id='word_1_21' title='bbox 1107 1123 1236 1212; x_wconf 93' lang='lat' dir='ltr'>pellere</span> <span class='ocrx_word' id='word_1_22' title='bbox 1257 1123 1383 1214; x_wconf 87' lang='lat' dir='ltr'>regnis.</span> <span class='ocrx_word' id='word_1_23' title='bbox 1402 1165 1446 1174; x_wconf 97' lang='lat'>—</span> 
     </span>
     <span class='ocr_line' id='line_1_5' title="bbox 456 1289 1379 1378; baseline 0.007 -24"><span class='ocrx_word' id='word_1_24' title='bbox 456 1289 533 1354; x_wconf 93' lang='lat' dir='ltr'>Nos</span> <span class='ocrx_word' id='word_1_25' title='bbox 551 1306 669 1356; x_wconf 90' lang='lat' dir='ltr'>autem</span> <span class='ocrx_word' id='word_1_26' title='bbox 686 1307 854 1378; x_wconf 89' lang='lat' dir='ltr'>superant</span> <span class='ocrx_word' id='word_1_27' title='bbox 872 1290 1007 1358; x_wconf 88' lang='lat' dir='ltr'>barbati</span> <span class='ocrx_word' id='word_1_28' title='bbox 1031 1291 1166 1360; x_wconf 91' lang='lat' dir='ltr'>viribus</span> <span class='ocrx_word' id='word_1_29' title='bbox 1183 1317 1191 1374; x_wconf 77' lang='lat'>3</span> <span class='ocrx_word' id='word_1_30' title='bbox 1211 1333 1252 1342; x_wconf 90' lang='lat'>—</span> <span class='ocrx_word' id='word_1_31' title='bbox 1272 1294 1379 1362; x_wconf 87' lang='lat' dir='ltr'>Esto:</span> 
     </span>
     <span class='ocr_line' id='line_1_6' title="bbox 456 1457 1351 1548; baseline 0.003 -22"><span class='ocrx_word' id='word_1_32' title='bbox 456 1457 581 1526; x_wconf 83' lang='lat' dir='ltr'>Cetera</span> <span class='ocrx_word' id='word_1_33' title='bbox 600 1457 627 1523; x_wconf 93' lang='lat' dir='ltr'>si</span> <span class='ocrx_word' id='word_1_34' title='bbox 646 1457 857 1540; x_wconf 76' lang='lat' dir='ltr'><strong>excutimus,</strong></span> <span class='ocrx_word' id='word_1_35' title='bbox 879 1460 1055 1548; x_wconf 92' lang='lat' dir='ltr'>numquid</span> <span class='ocrx_word' id='word_1_36' title='bbox 1074 1461 1264 1529; x_wconf 81' lang='lat' dir='ltr'>torrentius</span> <span class='ocrx_word' id='word_1_37' title='bbox 1282 1461 1351 1528; x_wconf 93' lang='lat' dir='ltr'>illis</span> 
     </span>
     <span class='ocr_line' id='line_1_7' title="bbox 453 1625 1332 1717; baseline 0.005 -23"><span class='ocrx_word' id='word_1_38' title='bbox 453 1625 578 1714; x_wconf 90' lang='lat' dir='ltr'>Quam</span> <span class='ocrx_word' id='word_1_39' title='bbox 602 1627 704 1694; x_wconf 92' lang='lat' dir='ltr'>nobis</span> <span class='ocrx_word' id='word_1_40' title='bbox 721 1627 800 1694; x_wconf 88' lang='lat' dir='ltr'>fluit</span> <span class='ocrx_word' id='word_1_41' title='bbox 817 1629 999 1717; x_wconf 91' lang='lat' dir='ltr'>eloquium</span> <span class='ocrx_word' id='word_1_42' title='bbox 1017 1631 1027 1696; x_wconf 78' lang='grc' dir='ltr'>Ξ</span> <span class='ocrx_word' id='word_1_43' title='bbox 1047 1629 1222 1697; x_wconf 91' lang='lat' dir='ltr'>versutius</span> <span class='ocrx_word' id='word_1_44' title='bbox 1240 1653 1332 1698; x_wconf 92' lang='lat' dir='ltr'>anne</span> 
     </span>
     <span class='ocr_line' id='line_1_8' title="bbox 456 1795 1427 1888; baseline 0.003 -25"><span class='ocrx_word' id='word_1_45' title='bbox 456 1795 645 1884; x_wconf 86' lang='lat' dir='ltr'><strong>Ingenium</strong></span> <span class='ocrx_word' id='word_1_46' title='bbox 665 1813 716 1863; x_wconf 89' lang='lat' dir='ltr'>est</span> <span class='ocrx_word' id='word_1_47' title='bbox 738 1815 876 1886; x_wconf 87' lang='lat' dir='ltr'>praesto</span> <span class='ocrx_word' id='word_1_48' title='bbox 894 1798 1103 1865; x_wconf 85' lang='lat' dir='ltr'>technarum</span> <span class='ocrx_word' id='word_1_49' title='bbox 1120 1815 1152 1865; x_wconf 93' lang='lat' dir='ltr'>et</span> <span class='ocrx_word' id='word_1_50' title='bbox 1169 1799 1269 1888; x_wconf 91' lang='lat' dir='ltr'>copia</span> <span class='ocrx_word' id='word_1_51' title='bbox 1287 1799 1427 1868; x_wconf 88' lang='lat' dir='ltr'>maior?</span> 
     </span>
     <span class='ocr_line' id='line_1_9' title="bbox 457 1964 1381 2056; baseline 0.005 -25"><span class='ocrx_word' id='word_1_52' title='bbox 457 1964 692 2032; x_wconf 88' lang='lat' dir='ltr'>illecebraene</span> <span class='ocrx_word' id='word_1_53' title='bbox 711 1987 812 2054; x_wconf 90' lang='lat' dir='ltr'>pares</span> <span class='ocrx_word' id='word_1_54' title='bbox 830 1965 1027 2054; x_wconf 89' lang='lat' dir='ltr'>similisque</span> <span class='ocrx_word' id='word_1_55' title='bbox 1047 1966 1200 2056; x_wconf 89' lang='lat' dir='ltr'>potentia</span> <span class='ocrx_word' id='word_1_56' title='bbox 1222 1966 1381 2036; x_wconf 83' lang='lat' dir='ltr'>formae?</span> 
     </span>
     <span class='ocr_line' id='line_1_10' title="bbox 457 2134 1288 2224; baseline 0.005 -25"><span class='ocrx_word' id='word_1_57' title='bbox 457 2134 590 2200; x_wconf 87' lang='lat' dir='ltr'>Nonne</span> <span class='ocrx_word' id='word_1_58' title='bbox 606 2156 644 2201; x_wconf 91' lang='lat' dir='ltr'>ea</span> <span class='ocrx_word' id='word_1_59' title='bbox 662 2134 812 2202; x_wconf 90' lang='lat' dir='ltr'>censetis</span> <span class='ocrx_word' id='word_1_60' title='bbox 830 2135 966 2224; x_wconf 90' lang='lat' dir='ltr'>potiora</span> <span class='ocrx_word' id='word_1_61' title='bbox 984 2135 1147 2203; x_wconf 90' lang='lat' dir='ltr'>virilibus</span> <span class='ocrx_word' id='word_1_62' title='bbox 1164 2139 1288 2204; x_wconf 82' lang='lat' dir='ltr'>arma?</span> 
     </span>
     <span class='ocr_line' id='line_1_11' title="bbox 455 2302 1310 2393; baseline 0.002 -23"><span class='ocrx_word' id='word_1_63' title='bbox 455 2302 523 2370; x_wconf 90' lang='lat' dir='ltr'>His</span> <span class='ocrx_word' id='word_1_64' title='bbox 541 2302 641 2370; x_wconf 83' lang='lat' dir='ltr'>facite</span> <span class='ocrx_word' id='word_1_65' title='bbox 658 2304 798 2370; x_wconf 81' lang='lat' dir='ltr'>accedat</span> <span class='ocrx_word' id='word_1_66' title='bbox 818 2305 1032 2393; x_wconf 88' lang='lat' dir='ltr'>quandoque</span> <span class='ocrx_word' id='word_1_67' title='bbox 1049 2304 1194 2372; x_wconf 89' lang='lat' dir='ltr'>audacia</span> <span class='ocrx_word' id='word_1_68' title='bbox 1216 2305 1310 2386; x_wconf 75' lang='lat' dir='ltr'>felix,</span> 
     </span>
     <span class='ocr_line' id='line_1_12' title="bbox 456 2472 1297 2564; baseline 0.006 -26"><span class='ocrx_word' id='word_1_69' title='bbox 456 2472 500 2539; x_wconf 88' lang='lat' dir='ltr'>Et</span> <span class='ocrx_word' id='word_1_70' title='bbox 522 2472 609 2539; x_wconf 90' lang='lat' dir='ltr'>stola</span> <span class='ocrx_word' id='word_1_71' title='bbox 628 2494 711 2540; x_wconf 92' lang='lat' dir='ltr'>cum</span> <span class='ocrx_word' id='word_1_72' title='bbox 729 2472 830 2540; x_wconf 90' lang='lat' dir='ltr'>braca</span> <span class='ocrx_word' id='word_1_73' title='bbox 851 2473 943 2540; x_wconf 92' lang='lat' dir='ltr'>bello</span> <span class='ocrx_word' id='word_1_74' title='bbox 960 2476 1147 2542; x_wconf 83' lang='lat' dir='ltr'>contendat</span> <span class='ocrx_word' id='word_1_75' title='bbox 1163 2493 1297 2564; x_wconf 78' lang='lat' dir='ltr'>aperto,</span> 
     </span>
     <span class='ocr_line' id='line_1_13' title="bbox 456 2641 1428 2734; baseline 0.004 -26"><span class='ocrx_word' id='word_1_76' title='bbox 456 2641 557 2730; x_wconf 87' lang='lat' dir='ltr'>Quid</span> <span class='ocrx_word' id='word_1_77' title='bbox 578 2663 646 2708; x_wconf 90' lang='lat' dir='ltr'>non</span> <span class='ocrx_word' id='word_1_78' title='bbox 666 2641 781 2709; x_wconf 91' lang='lat' dir='ltr'>vincct</span> <span class='ocrx_word' id='word_1_79' title='bbox 798 2660 830 2709; x_wconf 92' lang='lat' dir='ltr'>et</span> <span class='ocrx_word' id='word_1_80' title='bbox 848 2643 889 2708; x_wconf 91' lang='lat' dir='ltr'>ad</span> <span class='ocrx_word' id='word_1_81' title='bbox 909 2665 997 2731; x_wconf 93' lang='lat' dir='ltr'>quos</span> <span class='ocrx_word' id='word_1_82' title='bbox 1016 2665 1086 2711; x_wconf 91' lang='lat' dir='ltr'>non</span> <span class='ocrx_word' id='word_1_83' title='bbox 1105 2662 1259 2734; x_wconf 84' lang='lat' dir='ltr'>emerget</span> <span class='ocrx_word' id='word_1_84' title='bbox 1276 2644 1428 2712; x_wconf 90' lang='lat' dir='ltr'>honores</span> 
     </span>
     <span class='ocr_line' id='line_1_14' title="bbox 454 2810 1337 2900; baseline 0.002 -22"><span class='ocrx_word' id='word_1_85' title='bbox 454 2810 565 2878; x_wconf 91' lang='lat' dir='ltr'>Missa</span> <span class='ocrx_word' id='word_1_86' title='bbox 584 2832 691 2878; x_wconf 89' lang='lat' dir='ltr'>manu</span> <span class='ocrx_word' id='word_1_87' title='bbox 711 2812 838 2879; x_wconf 91' lang='lat' dir='ltr'>mulier</span> <span class='ocrx_word' id='word_1_88' title='bbox 855 2811 1015 2900; x_wconf 76' lang='lat' dir='ltr'>nullique</span> <span class='ocrx_word' id='word_1_89' title='bbox 1037 2813 1189 2880; x_wconf 84' lang='lat' dir='ltr'>obnoxia</span> <span class='ocrx_word' id='word_1_90' title='bbox 1211 2812 1337 2880; x_wconf 83' lang='lat' dir='ltr'>freno?</span> 
     </span>
     <span class='ocr_line' id='line_1_15' title="bbox 454 2980 1350 3070; baseline -0.001 -22"><span class='ocrx_word' id='word_1_91' title='bbox 454 2981 536 3048; x_wconf 93' lang='lat' dir='ltr'>Non</span> <span class='ocrx_word' id='word_1_92' title='bbox 559 3003 626 3066; x_wconf 75' lang='lat' dir='ltr'>ego</span> <span class='ocrx_word' id='word_1_93' title='bbox 646 2980 840 3048; x_wconf 81' lang='lat' dir='ltr'>lacrimulis</span> <span class='ocrx_word' id='word_1_94' title='bbox 858 2981 1006 3048; x_wconf 90' lang='lat' dir='ltr'>blandas</span> <span class='ocrx_word' id='word_1_95' title='bbox 1023 2980 1170 3049; x_wconf 90' lang='lat' dir='ltr'>miseere</span> <span class='ocrx_word' id='word_1_96' title='bbox 1188 2982 1350 3070; x_wconf 89' lang='lat' dir='ltr'>querelas</span> 
     </span>
     <span class='ocr_line' id='line_1_16' title="bbox 452 3149 1454 3241; baseline -0.001 -21"><span class='ocrx_word' id='word_1_97' title='bbox 452 3149 595 3220; x_wconf 91' lang='lat' dir='ltr'>Suadeo</span> <span class='ocrx_word' id='word_1_98' title='bbox 610 3174 620 3232; x_wconf 63' lang='grc' dir='ltr'><strong>ς</strong></span> <span class='ocrx_word' id='word_1_99' title='bbox 639 3172 742 3239; x_wconf 85' lang='lat' dir='ltr'>saepe</span> <span class='ocrx_word' id='word_1_100' title='bbox 762 3149 877 3217; x_wconf 88' lang='lat' dir='ltr'>virum</span> <span class='ocrx_word' id='word_1_101' title='bbox 896 3150 1061 3239; x_wconf 88' lang='lat' dir='ltr'>quamvis</span> <span class='ocrx_word' id='word_1_102' title='bbox 1078 3149 1268 3218; x_wconf 85' lang='lat' dir='ltr'>fortissima</span> <span class='ocrx_word' id='word_1_103' title='bbox 1285 3149 1454 3241; x_wconf 85' lang='lat' dir='ltr'>frangunt</span> 
     </span>
     <span class='ocr_line' id='line_1_17' title="bbox 454 3320 1357 3411; baseline 0.001 -24"><span class='ocrx_word' id='word_1_104' title='bbox 454 3320 614 3401; x_wconf 80' lang='lat' dir='ltr'>Pectora,</span> <span class='ocrx_word' id='word_1_105' title='bbox 635 3341 755 3386; x_wconf 89' lang='lat' dir='ltr'>verum</span> <span class='ocrx_word' id='word_1_106' title='bbox 775 3320 885 3387; x_wconf 88' lang='lat' dir='ltr'>animi</span> <span class='ocrx_word' id='word_1_107' title='bbox 904 3339 986 3387; x_wconf 92' lang='lat' dir='ltr'>sunt</span> <span class='ocrx_word' id='word_1_108' title='bbox 999 3339 1206 3410; x_wconf 88' lang='lat' dir='ltr'>argumenta</span> <span class='ocrx_word' id='word_1_109' title='bbox 1225 3323 1357 3411; x_wconf 89' lang='lat' dir='ltr'>pusilli.</span> 
     </span>
     <span class='ocr_line' id='line_1_18' title="bbox 452 3489 1473 3580; baseline 0.006 -26"><span class='ocrx_word' id='word_1_110' title='bbox 452 3491 525 3557; x_wconf 90' lang='lat' dir='ltr'>Vos</span> <span class='ocrx_word' id='word_1_111' title='bbox 543 3489 649 3557; x_wconf 93' lang='lat' dir='ltr'>modo</span> <span class='ocrx_word' id='word_1_112' title='bbox 667 3490 741 3557; x_wconf 91' lang='lat' dir='ltr'>luce</span> <span class='ocrx_word' id='word_1_113' title='bbox 760 3491 874 3578; x_wconf 90' lang='lat' dir='ltr'>palam</span> <span class='ocrx_word' id='word_1_114' title='bbox 892 3490 1090 3580; x_wconf 89' lang='lat' dir='ltr'>iunctisque</span> <span class='ocrx_word' id='word_1_115' title='bbox 1105 3491 1322 3558; x_wconf 87' lang='lat' dir='ltr'>umbonibus</span> <span class='ocrx_word' id='word_1_116' title='bbox 1338 3492 1473 3560; x_wconf 89' lang='lat' dir='ltr'>hostem</span> 
     </span>
     <span class='ocr_line' id='line_1_19' title="bbox 453 3659 1339 3749; baseline 0 -21"><span class='ocrx_word' id='word_1_117' title='bbox 453 3661 630 3749; x_wconf 82' lang='lat' dir='ltr'>impetere</span> <span class='ocrx_word' id='word_1_118' title='bbox 649 3662 838 3743; x_wconf 75' lang='lat' dir='ltr'>admoneo,</span> <span class='ocrx_word' id='word_1_119' title='bbox 861 3659 940 3727; x_wconf 93' lang='lat' dir='ltr'>belli</span> <span class='ocrx_word' id='word_1_120' title='bbox 964 3662 1071 3728; x_wconf 92' lang='lat' dir='ltr'>modo</span> <span class='ocrx_word' id='word_1_121' title='bbox 1092 3659 1210 3728; x_wconf 88' lang='lat' dir='ltr'>fallere</span> <span class='ocrx_word' id='word_1_122' title='bbox 1228 3660 1339 3728; x_wconf 90' lang='lat' dir='ltr'>surtis.</span> 
     </span>
     <span class='ocr_line' id='line_1_20' title="bbox 500 3829 1260 3919; baseline 0 -22"><span class='ocrx_word' id='word_1_123' title='bbox 500 3830 633 3897; x_wconf 90' lang='lat' dir='ltr'>Fabula</span> <span class='ocrx_word' id='word_1_124' title='bbox 652 3831 695 3897; x_wconf 90' lang='lat' dir='ltr'>de</span> <span class='ocrx_word' id='word_1_125' title='bbox 715 3831 812 3919; x_wconf 79' lang='lat' dir='ltr'>Lyda</span> <span class='ocrx_word' id='word_1_126' title='bbox 835 3829 922 3896; x_wconf 91' lang='lat' dir='ltr'>nulli</span> <span class='ocrx_word' id='word_1_127' title='bbox 942 3852 1010 3897; x_wconf 92' lang='lat' dir='ltr'>non</span> <span class='ocrx_word' id='word_1_128' title='bbox 1031 3848 1112 3897; x_wconf 90' lang='lat' dir='ltr'>nota</span> <span class='ocrx_word' id='word_1_129' title='bbox 1130 3831 1260 3919; x_wconf 74' lang='lat' dir='ltr'>puella,</span> 
     </span>
     <span class='ocr_line' id='line_1_21' title="bbox 452 3998 1342 4089; baseline -0.001 -21"><span class='ocrx_word' id='word_1_130' title='bbox 452 3999 567 4068; x_wconf 88' lang='lat' dir='ltr'>Cuius</span> <span class='ocrx_word' id='word_1_131' title='bbox 585 4000 628 4066; x_wconf 91' lang='lat' dir='ltr'>ad</span> <span class='ocrx_word' id='word_1_132' title='bbox 645 3998 832 4067; x_wconf 90' lang='lat' dir='ltr'>arbitrium</span> <span class='ocrx_word' id='word_1_133' title='bbox 852 3999 1036 4066; x_wconf 83' lang='lat' dir='ltr'>famularia</span> <span class='ocrx_word' id='word_1_134' title='bbox 1055 4021 1163 4089; x_wconf 91' lang='lat' dir='ltr'>pensa</span> <span class='ocrx_word' id='word_1_135' title='bbox 1182 3999 1342 4068; x_wconf 83' lang='lat' dir='ltr'>feruntur</span> 
     </span>
     <span class='ocr_line' id='line_1_22' title="bbox 455 4167 1419 4258; baseline 0 -22"><span class='ocrx_word' id='word_1_136' title='bbox 455 4169 651 4236; x_wconf 89' lang='lat' dir='ltr'>llerculeae</span> <span class='ocrx_word' id='word_1_137' title='bbox 672 4168 816 4236; x_wconf 87' lang='lat' dir='ltr'>traxisse</span> <span class='ocrx_word' id='word_1_138' title='bbox 834 4191 972 4236; x_wconf 88' lang='lat' dir='ltr'>manus.</span> <span class='ocrx_word' id='word_1_139' title='bbox 998 4167 1119 4256; x_wconf 90' lang='lat' dir='ltr'>Quam</span> <span class='ocrx_word' id='word_1_140' title='bbox 1139 4191 1242 4258; x_wconf 87' lang='lat' dir='ltr'>saepe</span> <span class='ocrx_word' id='word_1_141' title='bbox 1263 4168 1419 4236; x_wconf 91' lang='lat' dir='ltr'>minaces</span> 
     </span>
     <span class='ocr_line' id='line_1_23' title="bbox 455 4337 1295 4427; baseline -0.002 -21"><span class='ocrx_word' id='word_1_142' title='bbox 455 4337 604 4427; x_wconf 87' lang='lat' dir='ltr'>Expavit</span> <span class='ocrx_word' id='word_1_143' title='bbox 624 4337 791 4406; x_wconf 92' lang='lat' dir='ltr'>dominae</span> <span class='ocrx_word' id='word_1_144' title='bbox 810 4339 927 4405; x_wconf 92' lang='lat' dir='ltr'>vultus</span> <span class='ocrx_word' id='word_1_145' title='bbox 947 4337 1160 4427; x_wconf 79' lang='lat' dir='ltr'>Tirynthius</span> <span class='ocrx_word' id='word_1_146' title='bbox 1178 4338 1295 4420; x_wconf 76' lang='lat' dir='ltr'>heros,</span> 
     </span>
     <span class='ocr_line' id='line_1_24' title="bbox 452 4506 1220 4597; baseline -0.004 -20"><span class='ocrx_word' id='word_1_147' title='bbox 452 4506 599 4597; x_wconf 89' lang='lat' dir='ltr'>Oraque</span> <span class='ocrx_word' id='word_1_148' title='bbox 617 4508 768 4576; x_wconf 84' lang='lat' dir='ltr'>feminea</span> <span class='ocrx_word' id='word_1_149' title='bbox 790 4507 895 4597; x_wconf 85' lang='lat' dir='ltr'>gessit</span> <span class='ocrx_word' id='word_1_150' title='bbox 917 4507 1059 4575; x_wconf 88' lang='lat' dir='ltr'>liventia</span> <span class='ocrx_word' id='word_1_151' title='bbox 1077 4509 1195 4574; x_wconf 88' lang='lat' dir='ltr'>dextra</span> <span class='ocrx_word' id='word_1_152' title='bbox 1215 4511 1220 4573; x_wconf 94' lang='lat'>!</span> 
     </span>
    </p>
   </div>
   <div class='ocr_carea' id='block_1_5' title="bbox 454 4677 1424 4768">
    <p class='ocr_par' dir='ltr' id='par_1_5' title="bbox 454 4677 1424 4768">
     <span class='ocr_line' id='line_1_25' title="bbox 454 4677 1424 4768; baseline 0 -23"><span class='ocrx_word' id='word_1_153' title='bbox 454 4680 530 4746; x_wconf 88' lang='lat' dir='ltr'>Nec</span> <span class='ocrx_word' id='word_1_154' title='bbox 547 4697 664 4747; x_wconf 89' lang='lat' dir='ltr'>tamen</span> <span class='ocrx_word' id='word_1_155' title='bbox 684 4680 779 4746; x_wconf 91' lang='lat' dir='ltr'>hunc</span> <span class='ocrx_word' id='word_1_156' title='bbox 797 4678 934 4746; x_wconf 88' lang='lat' dir='ltr'>immite</span> <span class='ocrx_word' id='word_1_157' title='bbox 953 4677 1074 4768; x_wconf 86' lang='lat' dir='ltr'>iugum</span> <span class='ocrx_word' id='word_1_158' title='bbox 1094 4677 1241 4745; x_wconf 85' lang='lat' dir='ltr'>tolerare</span> <span class='ocrx_word' id='word_1_159' title='bbox 1261 4677 1424 4766; x_wconf 84' lang='lat' dir='ltr'>pigebat:</span> 
     </span>
    </p>
   </div>
   <div class='ocr_carea' id='block_1_6' title="bbox 0 0 1990 5580">
    <p class='ocr_par' dir='ltr' id='par_1_6' title="bbox 0 0 1990 5580">
     <span class='ocr_line' id='line_1_26' title="bbox 0 0 1990 5580; baseline 0 4"><span class='ocrx_word' id='word_1_160' title='bbox 0 0 1990 5580; x_wconf 95' lang='lat' dir='ltr'> </span> 
     </span>
    </p>
   </div>
  </div>
 </body>
</html>
