3970 5580
609 578 784 622 armentia
803 578 975 624 SERVlTUS
993 578 1177 624 ABOLENDA

306 751 493 838 Coguntur
509 773 703 840 gressuque
723 773 840 818 moras
857 772 1005 840 pensare
1022 751 1139 820 citato.

308 919 386 986 Heu
408 918 557 986 miserae
573 937 714 1000 matres,
735 919 860 1008 rapido
877 920 944 988 sub
965 920 1080 988 sidere
1099 920 1227 989 Cancri

305 1085 407 1174 Quas
425 1086 496 1176 agit
514 1087 710 1155 immensos
728 1089 822 1155 mala
840 1111 916 1156 sors
935 1110 1139 1178 percurrere
1157 1106 1299 1173 tractus,

304 1255 387 1345 Qua
406 1278 469 1345 per
487 1273 627 1324 noctem
649 1256 843 1346 Heliceque
862 1257 974 1325 nitent
992 1275 1199 1347 septemque
1219 1258 1395 1327 Triones!

305 1426 412 1494 Nulla
431 1425 532 1515 quies
551 1447 702 1514 usquam
722 1424 833 1493 fessis.
854 1426 1053 1514 Superante
1072 1427 1191 1496 labore

302 1597 399 1662 ‘lum
418 1612 507 1663 vetat
524 1594 717 1661 invalidam
736 1595 763 1661 si
779 1594 850 1662 fors
868 1597 1057 1683 procedere
1079 1597 1240 1686 languor,

304 1763 555 1832 Rhinocerotis
573 1785 650 1831 eam
672 1749 775 1830 sectis
792 1782 824 1831 te
843 1780 979 1854 tergore
997 1764 1081 1832 loris

304 1933 427 2000 Plectit
445 1934 566 2014 herus,
588 1933 768 2022 llagroque
788 1933 890 2001 rubet
907 1933 1052 2000 discissa
1071 1953 1230 2002 cruento

301 2101 405 2189 Quae
427 2101 456 2169 si
476 2124 547 2169 non
568 2102 665 2170 addit
683 2103 775 2168 male
793 2101 919 2169 firmae
938 2102 1112 2170 industria
1134 2103 1255 2184 robur,

300 2277 486 2360 Aegraque
503 2293 606 2339 crura
625 2271 756 2352 labant,
777 2270 925 2337 immani
945 2271 1075 2360 percita
1093 2272 1191 2338 clavo

301 2439 445 2506 Corruit
462 2439 574 2506 effuso
592 2458 721 2507 terram
741 2462 906 2528 sparsura
924 2440 1081 2521 cerebr0,

301 2615 417 2697 Atque
437 2631 520 2675 nece
538 2609 744 2698 exemplum
761 2608 907 2698 praebet
927 2609 1159 2677 memorabile
1177 2610 1297 2678 tardis.

300 2777 458 2847 Solvitur
475 2777 641 2845 adstricto
659 2794 736 2844 tum
754 2777 908 2866 denique
928 2777 1011 2845 fune
1031 2779 1192 2858 cadaver,

301 2947 387 3013 Esca
405 2946 524 3014 relicta
545 2945 691 3027 lenset,
714 2968 804 3033 quae
823 2946 1008 3035 perinane
1029 2965 1180 3028 secutaeq

300 3115 461 3182 lllillibus
478 3114 644 3196 alituum,
663 3137 818 3203 casuque
836 3133 973 3182 morata
992 3138 1183 3205 parumper

298 3282 420 3350 Turba
440 3304 551 3349 novas
572 3282 689 3350 haurit
710 3282 845 3371 trepida
866 3283 1060 3351 formidine
1078 3283 1182 3351 vires.

298 3452 394 3518 Tum
413 3451 441 3517 si
459 3472 569 3539 quam
586 3450 705 3518 subito
723 3451 820 3518 lactis
841 3449 1007 3518 defecerit
1024 3452 1166 3536 humor,

299 3619 477 3687 Exsiccata
498 3641 648 3705 gemens
665 3642 776 3708 quum
797 3619 948 3708 porrigit
964 3621 1073 3687 ubera
1090 3637 1187 3702 nato,

297 3789 485 3877 Abripitur
500 3787 623 3856 matris
643 3786 780 3878 gremio
797 3807 830 3855 et
850 3787 1004 3855 sublime
1023 3805 1155 3857 rotatus

300 3957 465 4025 Discussa
483 3957 526 4023 ad
548 3955 703 4046 lapidem
723 3955 856 4024 cervice
876 3956 1025 4026 illiditur
1043 3957 1157 4024 infans
1173 3984 1181 4037 ς

298 4126 419 4216 Quam
442 4125 540 4193 facile
559 4125 737 4211 algentem
756 4147 818 4214 per
835 4125 900 4192 iter
917 4125 944 4191 si
966 4124 1054 4193 forte
1073 4126 1257 4194 colubram

300 4294 481 4386 Repperit‚
502 4293 663 4384 infringit
684 4311 788 4382 caput
806 4293 888 4360 huic
906 4295 948 4361 ad
967 4317 1047 4361 saxa
1066 4295 1190 4363 viator.

299 4464 406 4533 Nulla
424 4465 511 4531 adeo
529 4462 639 4530 effetis
658 4463 716 4529 lux
736 4461 805 4528 iam
827 4463 1009 4530 toleranda
1026 4464 1185 4532 dolorem

298 4635 378 4702 Non
398 4633 509 4714 affert,
529 4649 739 4720 tantumque
761 4631 843 4719 polo
861 4631 1088 4722 surgentibus
1105 4634 1207 4701 astris
