3936 5578
797 555 947 600 lUDl'l'llA

376 727 647 816 Nequicquam:
668 727 766 794 nullo
783 727 957 796 excutitur
974 750 1079 817 sopor
1097 727 1160 795 iste
1179 727 1327 817 fragore.

371 897 535 965 Tandem
553 897 675 964 aulaea
695 919 801 964 manu
821 917 978 965 removet
994 913 1181 964 cunctante
1201 897 1350 986 Bagoas,

377 1069 422 1135 Et
439 1067 584 1134 timidos
603 1066 708 1134 infert
721 1089 876 1157 gressus,
894 1066 1124 1156 trepidusque
1142 1089 1346 1134 recurrens:

371 1235 629 1319 «Occidimus,
647 1235 798 1302 clamat:
819 1253 984 1302 truncum
1001 1235 1088 1303 iacet
1105 1235 1162 1303 ille
1179 1237 1351 1304 cadaver:

372 1406 530 1497 Assyriis
547 1406 683 1496 peperit
702 1406 868 1473 meretrix
889 1406 1053 1473 Hebraea
1071 1405 1263 1473 ruinam.»

377 1577 459 1644 Non
482 1575 583 1643 aliter
601 1574 714 1664 rapidi
734 1597 842 1663 quarn
860 1573 964 1642 afflati
979 1573 1139 1642 fulminis
1156 1573 1233 1658 alis,

376 1742 572 1833 Deriguere
591 1765 740 1811 omnes:
760 1743 959 1811 etiamnum
976 1743 1116 1811 credere
1134 1761 1295 1811 mussant

373 1912 492 1980 Triste
511 1911 621 1996 nefaS,
644 1912 783 2002 ipsique
801 1912 925 1979 volunt
942 1911 1105 1980 exsistere
1122 1929 1239 1979 testes.

373 2081 527 2171 lngressi
546 2081 749 2171 adspiciunt
767 2081 904 2149 foedata
925 2081 1055 2148 cubilia
1073 2081 1154 2149 tabo

378 2250 654 2339 Proiectumque
673 2251 762 2333 sol0‚
778 2251 917 2318 desecto
934 2267 1090 2336 gutture,
1109 2249 1229 2317 funus.

377 2420 572 2488 Exululant
590 2418 827 2509 scinduntque
845 2419 945 2489 sinus
962 2437 995 2487 et
1008 2438 1148 2509 pectora
1166 2421 1340 2509 plangunt
1355 2444 1365 2502 ς

375 2590 503 2658 Libera
521 2590 582 2657 sed
601 2591 774 2679 quoniam
798 2607 937 2657 nonest
954 2611 1052 2657 mora
1069 2591 1173 2680 longa
1190 2589 1318 2672 dolori,

375 2759 545 2828 Protinus
563 2759 597 2826 in
617 2778 734 2849 partes
754 2760 919 2847 quisnam
938 2759 1100 2826 succedat
1118 2757 1271 2847 adempti

375 2929 582 3020 Ambigitur
598 2928 711 3013 ducis
731 2945 765 2995 et
782 2928 864 2996 belli
883 2927 1087 2996 moderetur
1105 2928 1272 2995 habenas.

377 3097 459 3164 Non
479 3095 590 3162 ullum
610 3095 740 3163 eximio
757 3114 894 3185 praeter
912 3118 947 3163 se
965 3118 1113 3163 munere
1131 3095 1280 3186 dignum

375 3264 543 3355 Quisque
561 3283 673 3355 putat,
694 3266 900 3356 primosque
917 3265 983 3333 sibi
1002 3265 1158 3334 decernit
1177 3265 1341 3333 honores.

375 3435 445 3504 Hic
462 3457 574 3526 genus
591 3435 773 3526 egregium
791 3451 975 3518 memorat,
998 3434 1084 3503 iacta
1103 3434 1159 3502 ille
1178 3451 1366 3523 parentum

377 3605 421 3672 Et
438 3626 524 3671 sua:
545 3622 787 3693 prorumpunt
804 3603 874 3673 irae
893 3631 900 3670 :
920 3604 1072 3672 convitia
1090 3605 1254 3694 gliscunt,

374 3776 491 3862 Atque
510 3791 629 3862 parata
645 3772 721 3840 neci
739 3773 866 3862 capulo
884 3796 1011 3841 manus
1027 3772 1145 3840 omnis
1162 3773 1331 3840 inhaeret.

421 3943 588 4031 Dumque
608 3941 652 4010 ita
671 3943 729 4009 lite
747 3959 864 4010 terunt
882 3963 971 4008 rana
990 3964 1044 4009 res
1063 3958 1204 4031 tempus
1221 3941 1362 4032 agendi,

379 4111 522 4180 Diditur
539 4112 715 4201 extemplo
733 4133 855 4180 rumor
871 4134 933 4201 per
950 4129 1060 4179 castra
1076 4109 1218 4178 sinister

375 4278 594 4347 Occubuisse
617 4279 730 4364 illurn,
752 4302 833 4368 spes
850 4303 921 4368 quo
942 4280 1119 4370 pendebat
1137 4279 1180 4348 ab
1198 4302 1271 4348 uno

375 4448 542 4538 Assyriae
560 4447 686 4538 gentis,
705 4448 776 4531 cui,
795 4449 932 4538 palmae
950 4466 988 4517 ut
1004 4451 1155 4517 carduus
1175 4449 1276 4531 altae,

375 4617 560 4686 Cedebant
574 4617 617 4684 de
635 4617 737 4708 plebe
754 4619 881 4686 duces:
900 4641 962 4686 sua
980 4617 1081 4708 pigra
1104 4635 1246 4685 veterno
