3972 5654
491 533 554 596 310
929 551 976 594 an
998 550 1139 594 tenuent
1159 551 1221 594 xtn

535 726 578 792 Et
594 724 684 791 bene
702 724 819 806 habet,
839 723 1016 812 siquidem
1034 722 1206 812 vobisque
1225 721 1346 811 illique
1366 742 1506 812 reposta

581 894 661 962 Una
682 894 780 961 sedet
796 892 912 960 maior
928 891 1040 982 gloria
1062 910 1179 958 mente
1198 891 1275 960 Dei.

536 1399 737 1467 Dimidium
754 1421 831 1467 ecce
846 1397 945 1466 affert
962 1399 1051 1487 patri
1071 1398 1129 1465 lux
1146 1397 1297 1465 candida
1315 1397 1489 1478 saeclum,

580 1567 703 1636 Elicita
724 1585 776 1634 est
792 1590 832 1635 ex
849 1590 922 1656 quo
938 1567 1081 1634 victima
1101 1567 1183 1635 diva
1203 1567 1297 1656 polo,

536 1739 616 1807 Una
635 1736 740 1805 simul
760 1737 903 1826 populis
921 1737 1000 1805 ideo
1018 1737 1191 1804 sententia
1210 1735 1336 1826 surgit,

581 1905 674 1974 Huic
694 1904 805 1972 animi
827 1923 865 1972 ut
883 1905 1052 1973 memoris
1070 1904 1219 1995 pignota
1236 1921 1327 1972 certa
1349 1903 1475 1971 lerant.

534 2073 684 2141 Munera
702 2073 860 2141 certatim
882 2091 997 2163 gratas
1014 2071 1176 2140 testantia
1195 2090 1330 2140 mentes

578 2241 710 2308 Divisis
727 2241 873 2309 mittunt
890 2241 1085 2330 quamlibet
1102 2242 1187 2309 orbe
1210 2241 1309 2308 locis.

533 2410 723 2479 Vaticanus
745 2411 805 2478 ubi
824 2409 860 2478 in
883 2411 1037 2501 spatium
1055 2410 1270 2479 diffunditur
1287 2411 1426 2492 hortus,

577 2577 726 2648 Obtinet
744 2579 961 2647 immensum
980 2579 1136 2668 porticus
1154 2580 1221 2646 alta
1239 2580 1372 2646 solunt.

534 2747 791 2836 proponuntur
807 2771 905 2837 opes,
924 2748 1069 2837 gemino
1090 2750 1155 2815 sub
1174 2747 1286 2815 limite
1308 2746 1446 2815 Phoebi

578 2916 680 3004 Quas
699 2917 792 2985 videt
812 2918 973 2984 exoriens
990 2917 1225 2984 occiduumve
1247 2915 1358 2984 iubat.

531 3084 683 3152 Textilia
701 3085 783 3153 inde
801 3087 947 3154 trabunt
963 3103 1068 3174 atque
1090 3085 1173 3153 inde
1192 3084 1330 3154 fabrilia
1351 3085 1463 3166 visus,

577 3252 777 3342 Solertique
794 3253 887 3343 capit
904 3253 995 3343 picta
1013 3255 1140 3322 tabella
1158 3275 1281 3321 manu.

532 3425 624 3491 nere
642 3445 705 3489 nec
722 3423 876 3512 expressi
895 3424 1023 3491 desunt
1040 3424 1092 3491 vel
1111 3444 1289 3490 marmore
1309 3422 1426 3490 vultus
1447 3447 1456 3487 ε

570 3592 765 3682 Lysippine
784 3614 896 3682 roges
919 3615 1010 3660 anne
1035 3592 1196 3682 Myronis
1215 3615 1318 3682 opus.

534 3767 650 3849 Atque
669 3783 790 3829 recens
807 3783 896 3850 quae
915 3783 975 3850 per
993 3779 1102 3828 tetras
1121 3761 1293 3829 industria
1310 3759 1415 3842 fudit,

579 3929 736 3997 Inventis
753 3931 874 3997 oculos
893 3951 1033 4018 pascere
1052 3952 1155 4019 saepe
1176 3929 1286 3997 iuvat.

534 4098 701 4169 Cernitur
718 4116 864 4188 argento
882 4099 1034 4187 pretiosa
1052 4120 1210 4187 auroque
1229 4097 1387 4187 supellex
1406 4121 1413 4164 :

578 4267 732 4336 Artificis
749 4267 867 4334 dextra
887 4267 967 4356 plus
986 4285 1105 4334 tamen
1125 4267 1188 4335 ista
1209 4267 1312 4334 valet.

533 4438 671 4505 Vasane
690 4459 969 4506 commemorent
987 4438 1096 4528 figulo
1115 4436 1264 4527 perlecta
1282 4437 1413 4528 sagaci,

579 4607 683 4695 Quae
699 4607 795 4674 vario
814 4607 937 4674 loculis
956 4625 1032 4674 usta
1049 4607 1166 4674 colore
1189 4607 1298 4674 nitent
1315 4609 1324 4672 ζ·
