3928 5580
520 449 562 532 34
929 468 1043 513 rutatos
1070 469 1288 513 nonientana

516 641 707 711 Antevolat
724 641 853 708 famam
878 640 995 708 Furiis
1015 641 1165 730 agitatus
1182 641 1346 709 Auernis.

559 816 607 879 At
627 829 760 900 septem
780 810 879 877 laetis
897 809 1043 878 reboant
1061 810 1279 878 clamoribus
1297 833 1393 878 arces

518 980 695 1062 Pulsatae„
716 1001 806 1046 nova
824 981 937 1047 Roma
956 1001 1094 1046 memor
1110 979 1198 1046 dum
1219 979 1363 1046 nomina
1382 979 1479 1047 fastis

518 1148 659 1230 inserit,
679 1165 712 1215 et
730 1149 817 1214 lauri
838 1147 944 1214 nectit
961 1148 1003 1215 de
1022 1146 1145 1215 fronde
1163 1170 1325 1230 coronas,

517 1315 681 1382 Praemia
704 1315 836 1382 virtuti.
856 1313 1032 1382 Victorem
1053 1314 1112 1381 ubi
1134 1315 1280 1382 nuntius
1301 1314 1389 1385 Urbi

519 1483 648 1551 Indixit
667 1484 846 1564 reducem,
865 1483 982 1551 studio
999 1485 1172 1551 concorde
1190 1483 1352 1572 Quirites

516 1651 734 1734 Occurrunt,
754 1651 911 1741 festoque
929 1653 1002 1719 vias
1021 1653 1181 1719 examine
1196 1653 1376 1741 complent

515 1819 663 1890 Consusi
681 1843 690 1908 3
709 1837 800 1888 stant
818 1820 852 1886 in
871 1821 1023 1908 speculis
1041 1839 1242 1908 matresque
1262 1843 1457 1910 nurusque.

517 1989 604 2056 inde
622 1989 831 2078 triumphali
851 1989 951 2056 miles
968 2012 1079 2078 quum
1103 1991 1244 2056 moenia
1266 2012 1396 2079 pompa

516 2157 721 2244 Ingreditur
738 2176 886 2240 servata,
905 2175 937 2225 et
957 2157 1100 2246 pulvere
1117 2181 1203 2226 cana
1224 2161 1353 2226 decoro

516 2327 586 2394 Pet
602 2326 792 2394 consertam
813 2349 914 2418 aegre
932 2329 1100 2395 evolvunt
1117 2351 1191 2396 sese
1210 2327 1353 2418 agmina
1373 2328 1528 2403 turbam,

517 2497 705 2584 Nusquam
724 2494 922 2585 interrupto
939 2495 1116 2564 feriuntur
1133 2497 1247 2564 sidera
1283 2497 1423 2586 plausu.

514 2665 616 2733 Adde
633 2683 667 2732 et
684 2665 881 2754 pensilibus
903 2663 1089 2732 viridantia
1105 2665 1227 2732 limina
1247 2665 1348 2732 sertis

514 2838 631 2921 Atque
650 2833 742 2900 nivis
758 2833 827 2901 ritu
845 2833 1019 2901 demissos
1038 2834 1177 2902 aethere
1195 2834 1310 2901 flores.

513 3000 584 3072 Sed
603 3002 696 3090 quis,
714 3001 741 3068 si
761 3001 892 3090 cupiat,
913 3023 1115 3090 percurrere
1131 3001 1272 3092 singula
1290 3001 1409 3083 fand0,

515 3171 699 3238 Laetitiam
722 3189 782 3238 aut
801 3171 927 3260 poterit
945 3170 1060 3238 verbis
1082 3193 1233 3259 aequare
1253 3170 1351 3239 diei?

514 3342 588 3408 Nec
607 3339 734 3422 refert3
753 3357 812 3407 tua
829 3357 983 3428 namque
1004 3339 1090 3407 adeo
1109 3361 1180 3406 non
1200 3340 1346 3407 humida
1364 3339 1459 3408 cordi

513 3511 635 3598 Regna
652 3509 715 3577 tibi
734 3531 809 3576 esse
827 3530 918 3592 reor,
937 3508 1023 3598 quin
1042 3526 1087 3589 te,
1110 3526 1207 3598 pater
1223 3509 1370 3599 optime,
1389 3509 1527 3577 ovantis

512 3677 668 3748 Sedibus
686 3676 855 3744 excierint
872 3675 991 3743 vitreis
1010 3677 1205 3765 spectacula
1225 3678 1405 3744 Romae.»

554 3846 612 3917 Sic
631 3868 719 3934 eg03
741 3867 848 3934 quem
866 3860 986 3911 contra
1004 3844 1144 3911 Tuscus
1162 3844 1211 3911 sic
1229 3845 1356 3934 excipit
1373 3845 1510 3913 amnis:

509 4015 602 4082 «Me
624 4013 775 4082 minime
794 4014 925 4081 latuere
944 4036 1044 4082 meae
1064 4015 1271 4083 communia
1289 4015 1403 4104 gentis

508 4183 659 4267 Gaudia,
680 4205 735 4250 me
753 4205 867 4272 neque
888 4201 921 4251 et
941 4183 976 4250 in
996 4203 1132 4273 partem
1155 4185 1291 4252 venisse
1311 4185 1462 4276 negab0‚

510 4355 603 4420 Nota
625 4352 742 4420 minus
763 4351 927 4441 quamvis
945 4353 1126 4421 scrutabar
1144 4353 1298 4442 plurima
1316 4376 1469 4422 mecum.

509 4523 588 4590 Hoc
608 4522 722 4612 magis
739 4543 799 4588 ore
817 4538 879 4589 tuo
897 4520 986 4589 iuvit
1003 4543 1214 4611 cognoscere
1232 4545 1354 4589 causas
