3936 5578
684 535 818 580 onuoln
843 534 1044 580 DOlllESTlCA

367 707 481 774 Mater
501 706 611 773 inest:
634 729 787 797 agnosco
809 709 943 790 oculos,
961 729 1114 798 agnosco
1132 707 1258 776 labella
1278 735 1285 775 :

411 877 481 956 En,
502 876 562 964 qui
581 898 638 943 me
661 877 791 966 rapuit,
810 877 925 944 dulcis
946 876 979 944 in
1001 899 1062 944 ore
1077 877 1205 945 decor!

365 1041 400 1113 Ο
418 1043 571 1111 nimium
590 1043 670 1112 felix
693 1047 899 1135 Hymenaee
916 1045 1078 1134 facesque
1098 1046 1235 1130 beatae,

409 1214 514 1302 Quae
532 1214 621 1282 bene
640 1215 834 1283 iunxerunt
853 1216 942 1283 hanc
959 1215 1046 1282 milri
1066 1237 1194 1304 meque
1215 1215 1280 1283 sibi
1300 1221 1306 1282 !

365 1382 399 1451 O
416 1381 522 1449 festos
541 1405 754 1474 gemmaque
771 1383 847 1451 dies
865 1385 1036 1452 candente
1054 1383 1243 1469 notandos,

410 1550 538 1638 Quum
563 1551 696 1619 Lucina
715 1573 837 1619 meum
860 1551 939 1619 visit
956 1551 1068 1619 amica
1089 1553 1241 1620 Larem!

365 1719 529 1810 Coniuge
546 1722 630 1788 dum
651 1721 759 1788 laetor
773 1740 1003 1810 teneramque
1020 1743 1184 1789 recenseo
1202 1723 1352 1811 prolem,

410 1889 523 1977 Quid,
543 1889 631 1958 mihi
650 1892 744 1979 quod
765 1912 925 1974 voveam,
946 1890 1016 1958 iam
1035 1912 1219 1980 superesse
1245 1893 1347 1958 rear}

367 2059 432 2126 Det
450 2079 554 2147 gazas
570 2058 662 2140 aliis,
680 2059 759 2127 aliis
779 2061 933 2126 Fortuna
955 2081 1116 2139 coronas,

409 2225 514 2313 Quae
532 2226 630 2294 dedit
647 2226 705 2294 illa
724 2226 822 2316 prius
840 2227 910 2295 sint
930 2227 1037 2294 modo
1058 2227 1153 2295 salva
1174 2227 1275 2295 mihi.

364 2392 490 2481 Quum
510 2395 601 2462 volet
618 2395 708 2484 ipsa,
727 2413 831 2485 caput
846 2395 945 2462 Mors
963 2395 1027 2462 hoc
1045 2395 1210 2462 detrudat
1227 2395 1270 2462 ad
1289 2394 1450 2477 umbras,

409 2563 505 2630 Dum
523 2585 600 2630 sero
618 2586 748 2653 pueros
768 2563 834 2631 sub
852 2585 915 2631 sua
935 2563 1013 2631 iura
1032 2579 1142 2630 vocet.

364 2732 420 2800 Ne
437 2732 481 2800 sit
498 2749 536 2800 ut
553 2732 661 2801 ullius
677 2733 861 2822 deplorem
879 2732 947 2799 lata
965 2749 1158 2821 superstes,

409 2901 674 2989 Parcarumque
692 2922 797 2968 senex
818 2899 969 2967 stamina
991 2901 1095 2989 longa
1112 2921 1253 2988 querar.

364 3069 434 3140 Sed
457 3069 583 3137 melius
601 3091 754 3159 propero
772 3087 978 3159 mergantur
994 3067 1135 3149 sunere,
1152 3091 1259 3157 quarn
1279 3069 1306 3135 si

409 3241 609 3328 Degeneres
625 3238 712 3306 olim
733 3237 825 3305 fama
843 3238 984 3306 sinistra
1003 3255 1153 3328 premat.

362 3408 434 3491 Ah,
453 3408 545 3475 mala
565 3430 607 3475 ne
625 3425 738 3475 castos
756 3408 894 3475 laedant
911 3407 1075 3498 contagia
1093 3429 1224 3490 mores,

410 3578 510 3646 Neve
526 3578 653 3646 horum
672 3598 888 3666 quemquam
908 3575 952 3643 sit
969 3575 1134 3666 genuisse
1152 3576 1278 3665 pudor.

364 3747 439 3818 Stet
459 3769 595 3837 precor,
613 3765 646 3814 et
667 3747 793 3836 pietate
813 3747 942 3813 domus
960 3745 1091 3813 nitatur
1107 3744 1198 3812 avita
1218 3770 1224 3810 :

408 3916 519 4005 Quod
537 3916 565 3983 si
585 3915 834 4006 praestiterint,
856 3933 969 3982 cetera
986 3914 1081 3982 dono
1100 3913 1195 3982 Deis.
