3970 5580
491 565 534 628 (fl
887 562 934 606 Al)
961 561 1120 605 lUl'ENElll
1147 560 1271 604 snrtun

493 737 645 826 Semper
662 736 783 803 abacta
805 735 880 801 loco
898 757 1039 824 semper
1056 733 1214 802 consistit
1232 733 1366 800 eodem.

494 905 582 972 Inde
602 903 660 971 ubi
681 903 852 994 paulatim
873 902 1010 970 domini
1028 903 1222 991 captaveris
1239 923 1375 980 aurem,

493 1073 625 1143 Omnis
639 1073 759 1141 abesto
776 1073 893 1162 pudor
910 1071 1022 1139 voris:
1044 1071 1078 1138 in
1098 1072 1183 1138 retia
1201 1071 1341 1160 lapsum

492 1242 648 1310 Assidue
666 1241 829 1330 precibus
846 1240 1057 1330 cupidisque
1074 1240 1233 1308 obtunde
1251 1240 1403 1328 querelis
1418 1265 1427 1320 ς

495 1409 680 1500 Perprime
699 1427 936 1492 cunctantem,
957 1431 1019 1476 nec
1040 1409 1177 1476 dimitte
1195 1426 1274 1475 ante
1296 1410 1433 1497 procaci

493 1578 616 1667 Quum
636 1578 767 1646 tribuat
786 1580 898 1645 lassus
914 1578 1032 1669 dignis
1048 1579 1142 1668 quod
1161 1577 1247 1646 sorte
1267 1578 1412 1667 negarit.

494 1749 553 1818 Sic
570 1747 635 1815 ribi
654 1747 785 1815 servitii
806 1747 950 1815 dabitur
966 1748 1154 1835 decerpere
1172 1747 1318 1826 fructus,

494 1916 553 1987 Sic
574 1917 737 2006 phaleras
755 1916 946 2005 titulosque
962 1915 1053 1983 feres
1070 1934 1103 1983 et
1120 1916 1222 1984 dulce
1240 1915 1418 1983 lucellum.

539 2082 610 2153 Sed
628 2100 660 2151 te
682 2084 776 2169 finge
793 2083 898 2151 etiam
918 2083 1044 2151 frustra
1064 2082 1204 2172 periisse
1224 2101 1407 2172 potentum

493 2253 676 2334 Turdam,
696 2251 841 2341 periisse
860 2253 978 2332 fidem,
997 2274 1209 2342 quacunque
1228 2274 1400 2331 recurras,

496 2421 703 2488 Praeclusas
723 2420 785 2488 tibi
809 2420 942 2509 ubique
959 2419 1076 2508 fores3
1096 2443 1182 2487 num
1202 2421 1371 2509 proiicere
1392 2440 1501 2488 artem

493 2589 664 2678 Turpiter
681 2609 786 2678 atque
801 2589 963 2656 animum
984 2606 1017 2656 te
1034 2589 1254 2678 despondere
1277 2589 1431 2657 iubebo?

497 2759 579 2825 Nou
599 2757 658 2841 ita,
677 2758 763 2824 dum
782 2775 940 2846 superest
958 2757 1026 2824 alio
1044 2759 1225 2826 traducere
1242 2780 1357 2838 curas,

495 2926 678 3015 Quodque
697 2944 827 3015 negant
845 2948 1008 3014 proceres
1027 2927 1135 2994 donat
1153 2927 1251 3016 plebs
1269 2950 1372 3017 saepe
1392 2930 1536 3017 petenti.

495 3093 621 3182 Quare
639 3095 732 3161 haud
751 3094 870 3162 laevus
888 3097 930 3163 ad
951 3095 1041 3162 hanc
1058 3094 1208 3163 transfer
1225 3113 1283 3162 tua
1305 3114 1384 3165 vota
1403 3119 1607 3187 precesque,

497 3263 541 3329 Et
559 3261 776 3329 maiestatem
793 3261 961 3329 dominae
979 3261 1031 3329 fac
1049 3262 1163 3351 plebis
1180 3264 1317 3342 adores,

497 3431 658 3498 llluxisse
676 3431 769 3500 diem
789 3454 888 3513 cane,
910 3455 982 3521 quo
1002 3454 1119 3500 rerum
1138 3433 1225 3500 ordo
1247 3452 1395 3501 novetur

498 3601 690 3683 Funditus,
708 3617 740 3668 et
759 3601 883 3690 longae
901 3603 1043 3668 tandem
1062 3601 1207 3691 vestigia
1228 3601 1361 3670 fraudis

499 3769 633 3838 Ultima
651 3771 864 3858 depereant:
890 3770 1053 3837 homines
1070 3770 1275 3838 discrimine
1293 3772 1392 3839 nullo

499 3938 670 4006 Naturam
690 3938 831 4005 finxisse
850 3961 964 4027 pares,
983 3961 1117 4028 suaque
1135 3938 1255 4006 omnia
1274 3962 1436 4029 prorsum

497 4107 537 4174 ln
554 4107 674 4174 medio
696 4106 855 4196 posuisse
874 4107 980 4189 bona,
1004 4125 1041 4175 ut
1058 4109 1296 4176 communiter
1312 4132 1437 4177 omnes

497 4277 651 4345 Utantur
669 4274 803 4364 positis.
823 4274 910 4362 Quo
926 4294 1045 4343 contra
1065 4277 1150 4343 haec
1166 4277 1306 4345 foedera
1328 4295 1429 4367 pacto

498 4444 682 4534 Ingratum
700 4461 860 4511 exercent
880 4443 938 4511 alii
958 4444 1023 4511 sub
1044 4445 1116 4512 sole
1132 4445 1301 4526 laborem,

498 4612 686 4702 Indulgent
703 4611 762 4679 alii
783 4611 900 4702 geni0,
921 4631 953 4680 et
971 4612 1132 4680 convivia
1153 4633 1276 4682 curant
1293 4617 1304 4682 ἓ
