3936 5578
499 490 559 555 188
1012 507 1147 550 nsrttnrt

496 683 571 751 Ceu
590 681 721 772 gemini
744 682 771 748 si
790 679 861 748 fors
879 681 1017 748 diversa
1038 702 1077 747 ex
1097 699 1192 770 parte
1210 681 1380 748 dracones

492 850 692 919 Occurtere
710 849 777 916 sibi
799 849 948 938 quaesiti
966 849 1074 916 fontis
1091 850 1133 916 ad
1152 850 1301 928 undam,

497 1019 595 1088 Ilicet
616 1021 709 1087 hunc
727 1037 832 1109 atque
853 1020 947 1087 hunc
968 1042 1032 1109 pat
1051 1019 1084 1085 in
1105 1042 1140 1086 se
1158 1018 1309 1086 concitat
1330 1018 1391 1085 ira.

498 1189 612 1256 Parva
630 1209 746 1257 tamen
770 1211 869 1257 mora
887 1190 936 1269 fit,
959 1189 1099 1256 fraudes
1119 1190 1204 1255 dum
1227 1206 1341 1255 versat
1361 1205 1523 1275 uterque,

499 1357 550 1423 Ex
568 1355 762 1444 improviso
780 1355 911 1444 quibus
929 1355 1028 1422 ocius
1048 1354 1226 1444 opprimat
1246 1355 1395 1421 hostem.

498 1524 582 1591 Mox
600 1524 696 1591 rabie
715 1541 903 1613 superante
921 1523 1067 1613 globum
1085 1523 1279 1590 miscentur
1298 1523 1333 1590 in
1352 1544 1466 1590 unum

499 1691 665 1781 Impliciti
687 1691 805 1781 spiris,
826 1691 1013 1781 faucesque
1031 1692 1161 1760 elidere
1178 1694 1273 1760 nodo

496 1861 693 1931 Adstrictas
710 1879 843 1928 certant
860 1883 1136 1949 squammasque
1156 1861 1310 1928 incidere
1331 1883 1463 1938 morsu,

498 2029 662 2098 Deterior
679 2030 791 2096 donec
809 2047 957 2096 centeno
978 2029 1124 2097 vulnere
1145 2030 1256 2097 victus

500 2198 755 2286 Exanimisque
774 2198 904 2286 premit
921 2199 1075 2265 resoluto
1092 2221 1239 2287 corpore
1260 2217 1389 2266 terram
1406 2226 1412 2264 :

496 2368 672 2436 Aemulus
689 2384 808 2454 optato
828 2365 959 2433 fruitur
976 2383 1051 2432 tum
1070 2366 1223 2455 denique
1242 2367 1348 2433 fonte.

545 2534 634 2622 Spes
652 2535 739 2601 adeo
757 2556 867 2622 quum
888 2534 1002 2622 prima
1020 2536 1100 2601 data
1118 2553 1168 2601 est
1185 2533 1387 2623 pervincere
1404 2549 1582 2622 coeptum,

497 2703 715 2793 Aggreditur
732 2724 847 2792 regern
868 2703 1030 2785 Maced0,
1050 2721 1153 2791 atque
1172 2702 1218 2769 ita
1236 2703 1408 2770 subdolus
1426 2702 1524 2769 infit:

495 2870 631 2937 «Dum
649 2892 861 2958 quacunque
879 2887 984 2959 patet,
1005 2869 1141 2959 placida
1159 2869 1222 2937 ribi
1242 2869 1404 2937 subditus
1421 2869 1517 2937 orbis

500 3038 700 3106 Perfruitur
717 3061 814 3127 pace,
837 3057 869 3106 et
886 3038 1008 3128 populi
1031 3056 1103 3106 tuta
1121 3038 1191 3105 otia
1212 3057 1355 3106 centum

503 3209 686 3282 Exercent,
705 3206 835 3295 talique
854 3226 980 3274 vocant
997 3231 1032 3274 se
1055 3230 1133 3296 rege
1152 3207 1284 3274 beatos.

501 3377 583 3445 Una
604 3393 681 3442 tuas
699 3376 836 3443 diversa
856 3376 940 3442 locis
956 3398 1042 3466 gens
1065 3375 1174 3465 impia
1192 3376 1286 3466 leges

496 3545 679 3612 Temnere
697 3567 768 3612 nott
787 3544 936 3625 dubitat,
958 3567 1021 3611 nec
1042 3545 1112 3611 iam
1133 3544 1208 3612 iura
1230 3544 1336 3611 altera
1355 3544 1465 3624 novit,

497 3718 661 3802 Aegypto
679 3735 787 3801 quam
805 3712 957 3781 detrusis
978 3735 1068 3801 quae
1090 3713 1250 3781 condidit
1266 3713 1351 3781 olim

500 3881 632 3950 Nescio
650 3881 730 3970 quis
752 3882 880 3948 Moses,
902 3880 1051 3948 Penitus
1070 3904 1181 3971 genus
1199 3904 1305 3949 omne
1323 3882 1438 3971 perosi

503 4051 711 4118 Humanum
732 4050 838 4116 nullis
857 4050 953 4116 idem
976 4073 1047 4117 non
1066 4050 1231 4140 gentibus
1248 4073 1359 4138 aeque

497 4217 592 4288 Sunt
609 4217 705 4299 odio,
724 4219 898 4306 tellusque
917 4217 1011 4284 viros
1032 4240 1140 4306 prope
1159 4217 1293 4306 respuit
1313 4219 1417 4285 ultro.

502 4388 580 4456 Hos
598 4386 699 4468 mihi,
719 4403 788 4452 tota
806 4407 885 4454 tuae
904 4388 990 4453 dum
1011 4408 1111 4453 mens
1130 4387 1263 4453 intenta
1284 4379 1401 4468 saluti,

500 4555 542 4622 In
561 4573 620 4623 tua
637 4573 859 4644 compertum
875 4571 926 4621 est
943 4553 1015 4620 iam
1036 4554 1105 4620 iam
1123 4577 1336 4644 consurgere
1355 4577 1461 4645 regna
1479 4582 1485 4621 ι
