3972 5654
609 563 764 608 VIRGINIS
789 565 1007 610 MATURIORIS
1031 567 1218 622 QUERELAE
1441 548 1505 634 237

420 737 515 803 Haec
533 758 676 826 quoque
693 737 780 804 dum
799 739 927 821 cecam,
948 760 1068 806 vecors
1085 739 1230 807 fortasse
1246 759 1347 830 poeta

463 906 503 971 ln
523 927 645 972 saevos
668 906 767 973 vertit
788 907 933 974 vulnera
956 925 1074 974 nostra
1096 908 1202 975 iocos.

418 1075 462 1142 Et
483 1074 657 1143 mirantur
673 1075 789 1143 adhuc
812 1075 900 1142 mihi
920 1078 1014 1164 quod
1033 1094 1101 1144 tam
1121 1077 1232 1145 tristia
1251 1101 1372 1168 passae

463 1243 545 1311 Non
565 1244 652 1310 solet
669 1244 824 1311 admixto
843 1243 921 1312 felle
939 1267 1055 1313 carere
1072 1245 1172 1313 dolor
1187 1249 1193 1312 !

419 1411 593 1480 instantes
611 1413 728 1501 aliqua
751 1413 777 1479 si
796 1414 899 1480 detur
919 1413 1038 1481 fallere
1055 1436 1170 1494 curas,

463 1583 577 1651 Eduxi
595 1583 769 1672 geminas,
791 1605 853 1650 uec
872 1583 961 1651 bene
981 1583 1095 1664 venit,
1114 1605 1207 1649 aves.

417 1753 556 1840 Nempe
576 1773 689 1819 meam
710 1752 894 1819 volucrum
914 1752 1052 1840 quoties
1068 1775 1133 1842 ego
1149 1751 1294 1820 confero
1312 1753 1412 1836 sorti,

461 1920 576 1988 Altius
597 1921 782 1988 admonitu
803 1919 884 1988 sidit
907 1921 940 1986 in
960 1942 1038 1987 ossa
1056 1922 1200 1988 maium.

418 2090 499 2158 Non
520 2089 652 2179 patrios
672 2109 791 2178 captae
809 2090 917 2156 saltus
935 2090 1152 2178 umbrasque
1169 2092 1354 2179 requirunt
1373 2118 1380 2158 :

461 2259 648 2327 lilecebras
665 2260 807 2328 clathris
827 2277 972 2327 mutuus
992 2259 1089 2327 addit
1107 2282 1219 2327 amor.

417 2430 504 2496 Inde
523 2429 638 2496 lavare
656 2430 813 2496 modoet
831 2447 944 2497 rostro
962 2429 1067 2496 modo
1086 2429 1216 2518 fingere
1234 2429 1388 2518 plumaS,

460 2599 599 2667 Cultior
620 2616 658 2665 ut
677 2619 821 2686 canapar
837 2597 1016 2686 comparis
1036 2600 1254 2676 oratraha13

416 2766 503 2832 Inde
520 2767 613 2833 cient
634 2766 770 2856 liquido
787 2765 943 2856 geniales
962 2783 1102 2856 gutture
1119 2785 1258 2847 cantus,

459 2935 579 3002 Altera
599 2954 632 3003 et
649 2935 791 3003 alterius
811 2934 984 3002 combibit
1004 2956 1087 3002 aure
1106 2934 1230 3002 melos.

417 3103 492 3170 Nec
511 3125 581 3169 non
598 3121 758 3170 exercent
776 3103 891 3171 varios
913 3126 975 3192 per
994 3102 1126 3169 vimina
1145 3103 1257 3182 lusus,

462 3272 559 3338 Haec
577 3271 671 3339 illam
693 3272 827 3340 vicibus
847 3274 935 3346 dum
957 3270 1044 3361 petit
1062 3287 1166 3358 atque
1188 3268 1290 3360 sugit.

416 3439 520 3528 Quae
539 3441 646 3508 semel
665 3459 768 3530 atque
787 3441 913 3509 iterum
931 3459 1132 3508 transverso
1153 3457 1190 3506 ut
1208 3437 1343 3506 lumine
1361 3437 1447 3521 vidi,

461 3609 623 3700 Ingemui
642 3628 812 3698 tanquam
835 3609 979 3677 vulnere
997 3609 1063 3676 fixa
1084 3630 1203 3690 n0v03

417 3778 546 3868 Meque
564 3780 707 3847 animus
724 3799 861 3848 teneros
878 3779 1080 3867 disiungere
1098 3776 1206 3844 suasit
1223 3793 1382 3842 amantes
1400 3799 1406 3839 :

460 3949 617 4014 Tantum
636 3949 670 4014 in
689 3971 753 4015 nos
774 3949 871 4037 regni
894 3970 982 4015 num
1003 3947 1065 4015 tibi
1089 3948 1179 4014 livor
1196 3946 1308 4013 edax?

416 4116 583 4184 Abstinui
605 4135 722 4183 tamen
745 4136 849 4206 atque
867 4117 959 4185 ultro
979 4115 1187 4184 fundamina
1209 4113 1314 4196 nidis,

461 4287 553 4355 Cum
574 4287 676 4355 viridi
699 4310 821 4355 musco
839 4288 965 4355 vellera
984 4287 1091 4353 densa
1110 4285 1188 4353 tuli.

415 4455 531 4523 Vivite
548 4458 740 4524 concordes
760 4457 912 4538 animae,
932 4479 995 4523 nec
1015 4455 1132 4523 flebile
1153 4477 1216 4545 per
1234 4477 1289 4521 me

462 4625 659 4693 Discidium
679 4625 778 4692 vobis
796 4624 915 4693 afferat
935 4625 1005 4692 ulla
1023 4625 1110 4692 dies.
