3936 5578
299 1128 601 1220 VIRGINIS
652 1127 1068 1222 MATURIORIS
1123 1128 1468 1246 QUERELAE

811 1954 845 1998 Ne
862 1954 947 1998 mirere
960 1953 1018 1996 milti
1031 1954 1051 1996 si
1066 1963 1113 1997 tam
1127 1954 1225 1997 verbosa
1237 1953 1332 2008 querela
1344 1961 1391 1998 est:

851 2033 945 2078 Scilicet
964 2035 1134 2089 Harpocratem
1148 2033 1237 2076 semina
1250 2033 1316 2076 nulla
1328 2033 1392 2076 colit.

1041 2139 1168 2183 llucroats
1183 2140 1338 2182 Eetonanna.

392 2408 497 2475 Illum
516 2429 580 2497 ego
598 2409 754 2475 devoveo
772 2407 848 2496 qui,
871 2405 983 2474 sicubi
1003 2407 1157 2474 nascitur
1174 2404 1304 2487 infans,

437 2576 585 2644 Publica
603 2576 763 2643 mandari
784 2576 884 2644 iussit
902 2575 936 2643 in
959 2593 1032 2643 acta
1053 2576 1162 2644 diem.

394 2745 481 2813 Inde
500 2746 700 2835 puellarum
719 2761 894 2812 scrutatur
914 2743 1064 2833 quilibet
1080 2767 1206 2824 annos,

438 2916 481 2982 Et
499 2913 565 2980 sibi
585 2936 650 2981 nos
667 2913 757 2981 ultra
774 2913 878 2981 verba
897 2913 1034 2981 dedisse
1052 2931 1154 2981 vetat.

394 3083 443 3152 Ut
458 3082 547 3150 bene
568 3081 700 3149 natales
717 3080 840 3163 celem,
862 3078 1034 3148 tabularia
1054 3081 1219 3159 clamant,

442 3253 639 3338 Lustraque
660 3266 831 3317 testantur
848 3269 905 3316 me
926 3247 1125 3338 geminasse
1142 3247 1220 3315 tria.

394 3416 465 3488 Sed
482 3417 643 3508 graviora
661 3438 813 3505 queror:
834 3415 934 3484 iustis
952 3416 1124 3484 maturior
1141 3416 1245 3484 annis

439 3587 515 3653 lam
532 3585 622 3653 mihi
640 3607 725 3675 ruga
742 3603 838 3651 notat
853 3586 1166 3674 quantulacunque
1182 3606 1314 3674 genas3

396 3755 441 3822 Et
458 3756 565 3822 modo
582 3753 768 3821 comebam
786 3753 894 3820 flavos
911 3755 995 3821 dum
1016 3753 1152 3843 pectine
1168 3754 1297 3835 crines,

441 3922 609 4012 Derigui:
631 3922 664 3988 in
684 3921 783 3988 flavis
803 3921 974 3989 candidus
993 3945 1086 3989 unus
1103 3940 1185 3989 crat.

396 4096 457 4174 At,
476 4113 568 4174 reor,
589 4091 765 4180 especulo
786 4091 852 4158 nisi
874 4091 959 4158 falsa
977 4092 1121 4160 resultat
1138 4093 1268 4182 image,

445 4261 527 4328 Non
549 4260 614 4346 isto
631 4259 772 4349 penitus
791 4259 893 4326 cessit
910 4259 953 4327 ab
974 4281 1034 4328 ote
1053 4262 1158 4329 decor
1175 4283 1184 4348 ;

402 4429 490 4511 Nec,
510 4450 578 4516 qua
594 4428 679 4496 llore
702 4450 793 4495 novo
811 4427 922 4494 socias
938 4427 1072 4495 anteire
1088 4428 1238 4510 ferebar,

445 4597 495 4664 Ex
516 4612 588 4662 toto
610 4595 714 4685 periit
731 4596 854 4664 iuncea
875 4595 988 4663 forma
1003 4596 1104 4664 mihi.
