3972 5654
636 502 752 546 ‘rosim
777 501 933 547 tumosis
958 502 1216 547 asasonruarro
1449 483 1512 548 263

382 675 466 742 Mox
484 691 608 741 onerat
624 696 800 757 mensam,
817 674 873 770 cui
892 696 956 742 nos
973 675 1181 742 accumbere
1203 675 1326 742 suadet

427 845 582 932 Hospes,
602 862 634 911 et
654 843 815 933 apposita
837 843 966 932 pellere
984 866 1087 911 carne
1105 843 1248 911 famem.

380 1014 484 1081 Tunc
499 1033 567 1099 ego
586 1040 592 1079 :
615 1015 847 1102 «Nunquam
867 1013 972 1082 hodie
989 1013 1142 1103 dapibus
1161 1013 1294 1081 ieiunia
1316 1015 1465 1098 solvam,

424 1181 506 1250 «Ni
525 1201 692 1272 concepta
710 1182 800 1250 mihi
815 1183 885 1250 sint
903 1199 975 1250 rata
997 1201 1075 1250 vota
1093 1183 1201 1272 prius.

380 1351 542 1440 «Magna
559 1351 720 1439 quidem,
738 1351 861 1431 fateor,
881 1352 941 1418 sed
961 1373 1030 1418 non
1051 1350 1210 1419 indebita
1229 1374 1349 1441 posco,

423 1545 443 1582 «
458 1521 514 1587 Tu
533 1519 623 1587 mihi
641 1538 810 1610 cognatus
829 1542 873 1587 ne
893 1541 991 1587 socer
1006 1542 1081 1587 esse
1101 1541 1217 1611 neges,
1240 1547 1260 1584 ›>

378 1688 436 1756 llle
453 1689 520 1756 sub
541 1688 594 1755 his
614 1710 769 1779 gemere,
784 1706 816 1756 et
835 1689 1023 1756 cunctandi
1040 1711 1209 1778 quaerere
1228 1711 1373 1756 causas:

424 1856 633 1944 Purpureus
647 1855 753 1946 tingit
770 1854 918 1946 virginis
939 1877 1000 1922 ora
1018 1855 1125 1921 color.

378 2027 484 2093 Nunc
502 2025 609 2092 etiam
630 2026 717 2090 hanc
736 2024 898 2092 rubuisse
918 2023 1039 2113 pudet,
1058 2022 1276 2111 confusaque
1294 2040 1449 2089 mentem

423 2193 571 2280 Effugit,
593 2211 697 2282 atque
715 2195 843 2261 domus
863 2193 983 2261 abdita
1004 2210 1101 2282 parte
1120 2193 1214 2260 latet.

376 2367 423 2431 At
440 2363 574 2430 socius:
594 2363 731 2429 «Votis
749 2362 857 2452 tangi,
877 2380 975 2452 pater
992 2362 1139 2450 optime,
1161 2360 1262 2428 iustis

420 2531 510 2598 «Ne
528 2530 673 2599 dubita:
695 2529 826 2598 summi
845 2547 896 2597 est
914 2529 1074 2597 numinis
1092 2530 1154 2596 iste
1172 2528 1312 2597 timens.

374 2725 395 2762 <‹
408 2701 509 2768 Adde
526 2701 622 2790 quod
642 2699 776 2768 orantis
794 2722 934 2766 causam
954 2700 1007 2766 lex
1026 2699 1100 2788 ipsa
1121 2717 1252 2780 tuetur,

419 2868 576 2957 «Quam
593 2886 630 2936 tu
648 2890 743 2936 nunc
761 2867 918 2957 primum
938 2891 981 2934 ne
1003 2867 1133 2935 violare
1156 2867 1252 2935 veiis.

374 3038 512 3108 «Casta
534 3054 707 3104 reservata
725 3054 777 3103 est
793 3055 887 3103 casto
906 3053 964 3103 tua
983 3053 1062 3103 nata
1080 3037 1208 3104 marito
1226 3063 1233 3102 :

419 3207 558 3273 «Pacta
577 3205 657 3273 ideo
674 3204 796 3272 multis
815 3205 948 3272 nullius
964 3223 1044 3272 ante
1061 3204 1137 3272 fuit.
1158 3231 1178 3268 »

372 3374 511 3444 Annuit
528 3373 582 3441 his
602 3374 710 3441 fretus
728 3373 870 3442 senior:
891 3396 1058 3463 sponsam
1081 3379 1185 3440 Anna
1205 3375 1340 3442 reducit

419 3543 611 3611 Pronuba:
635 3565 705 3610 non
725 3563 830 3629 aegre
849 3543 921 3609 visa
940 3543 1056 3632 puella
1075 3542 1180 3611 trahi.

371 3714 468 3780 Tum
486 3713 606 3781 dextra
625 3712 760 3802 Raguei
778 3712 880 3779 nobis
900 3711 982 3779 hinc
1001 3712 1081 3779 inde
1099 3713 1291 3802 prehensa,

415 3880 585 3949 Admovit
603 3879 720 3948 faciles
740 3880 985 3970 implicuitque
1003 3903 1145 3960 manus,

371 4049 626 4138 Praefatusque
649 4051 765 4117 Deum
783 4050 945 4140 supplex,
965 4051 1172 4139 palmasque
1194 4049 1342 4140 supinas

415 4219 470 4286 Ad
488 4218 627 4285 coelum
644 4218 791 4285 tendens
808 4218 929 4285 omnia
950 4217 1061 4286 sausta
1080 4221 1184 4286 foret.

371 4387 466 4455 Hinc
484 4386 600 4476 epulis
615 4387 725 4454 functi
744 4388 851 4477 gratis
869 4389 1095 4456 sermonibus
1115 4391 1222 4457 horas

415 4555 617 4640 Ducimus:
639 4556 721 4624 inde
739 4555 828 4646 sugit
846 4557 983 4624 lumina
1002 4575 1118 4624 nostra
1138 4579 1256 4647 sopor.
