3970 5580
422 2079 634 2148 Femineum
653 2081 798 2168 quando
817 2081 968 2147 Martem
991 2096 1025 2146 et
1043 2101 1133 2147 nova
1151 2081 1303 2147 condere
1322 2079 1412 2147 bella

419 2247 607 2338 Accingor‚
626 2266 663 2315 tu
684 2249 802 2316 dextra
822 2270 901 2315 meo
919 2270 1084 2316 succurre
1105 2247 1231 2330 labori,

420 2416 594 2506 Calliope,
613 2416 772 2506 vatisque
791 2417 912 2485 favens
933 2416 1075 2485 illabere
1093 2417 1219 2485 menti.

420 2584 479 2656 Sic
497 2585 653 2675 placidos
670 2585 788 2676 capias
809 2586 935 2653 umbra
955 2586 989 2653 in
1012 2585 1221 2653 Parnasside
1242 2607 1403 2662 somnos,

420 2755 494 2822 Nec
512 2772 619 2823 tetrae
637 2754 699 2822 tibi
719 2755 807 2823 dura
825 2754 939 2822 ierant
957 2753 1184 2822 incommoda
1203 2772 1332 2844 pestes,

420 2923 589 2991 Mortales
608 2923 811 2992 coniuratae
828 2923 985 2991 cruciare
1003 2924 1151 3013 puellas.

463 3091 634 3182 Virgineo
653 3110 840 3182 postquam
860 3091 1066 3178 languentia
1088 3092 1246 3159 membra
1265 3089 1373 3158 cubili

420 3260 576 3350 Cynthia
593 3261 807 3350 composuit,
825 3261 944 3328 studio
964 3262 1089 3328 lassata
1108 3259 1285 3350 placendi,

420 3429 603 3521 Suspenso
621 3430 800 3520 ingressus
818 3429 963 3497 thalami
983 3431 1073 3520 pede
1091 3430 1214 3497 limina
1233 3429 1432 3519 Morpheus

421 3599 477 3666 Fit
494 3599 640 3689 propior
656 3600 825 3689 spondae,
843 3598 1082 3687 manibusque
1102 3620 1278 3688 papavera
1299 3620 1487 3687 quassam,

421 3769 579 3836 Haustos
605 3769 760 3835 Lethaeo
778 3767 911 3857 spargit
928 3768 971 3835 de
988 3766 1138 3835 flumine
1158 3789 1275 3854 rores;

421 3937 549 4005 Flabra
566 3955 684 4004 movet
703 3937 843 4025 pennis,
863 3955 896 4005 et
914 3936 1138 4004 conciliantia
1160 3958 1306 4003 somnos

420 4105 588 4176 Carmina
608 4104 663 4172 vix
685 4105 860 4172 intellecto
878 4107 1126 4173 demurmurat
1146 4126 1219 4172 ore.

419 4274 555 4341 Verum
573 4273 631 4341 ubi
654 4295 725 4341 non
745 4274 816 4341 ulla
836 4274 1035 4363 quidquam
1053 4273 1200 4363 prolecit
1217 4274 1261 4340 ab
1279 4290 1350 4340 arte
1368 4299 1375 4340 :

420 4467 437 4506 c
455 4444 551 4510 Haec
570 4443 622 4510 vel
640 4461 748 4521 amat,
767 4443 864 4524 dicit,
884 4443 937 4510 vel
959 4465 1022 4510 acu
1039 4465 1141 4533 maga
1163 4443 1266 4510 noxia
1286 4463 1387 4508 saeva

420 4611 614 4679 Absentem
632 4611 777 4696 cruciat,
797 4612 1056 4702 simulacraque
1074 4635 1172 4680 cerea
1191 4611 1274 4703 figit.
1297 4637 1314 4676 »
