3970 5580
845 544 989 589 PULlCES

436 720 530 786 Nam
551 717 639 785 mihi
661 740 731 785 non
753 735 836 785 sunt
853 717 1001 785 immitis
1022 717 1148 784 violata
1167 717 1300 785 Dianae

439 887 613 970 Numina,
634 910 697 955 nec
714 886 830 954 tristes
850 887 964 954 merui
987 887 1185 977 persolvere
1208 908 1352 975 poenas,

434 1055 539 1144 Quas
560 1057 625 1123 luit
644 1061 802 1124 Actaeon
821 1055 954 1123 rabidis
972 1056 1051 1122 data
1070 1055 1198 1144 praeda
1215 1053 1393 1132 molossis,

436 1227 540 1296 Certe
561 1247 625 1315 ego
643 1226 822 1292 Iunonem
839 1223 989 1292 minime
1009 1224 1090 1291 laesi
1110 1223 1272 1313 improba
1293 1223 1400 1301 furto,

436 1392 582 1460 Inachia
601 1410 638 1459 ut
655 1392 781 1481 pellex,
801 1391 944 1459 stimulo
962 1408 1035 1458 acta
1055 1391 1218 1458 instantis
1235 1390 1311 1457 asili

434 1561 541 1650 Quae
559 1560 686 1629 subitis
705 1579 842 1628 vastum
862 1559 1022 1649 implevit
1041 1559 1235 1650 mugitibus
1251 1559 1387 1627 orbem.

436 1731 548 1814 Felix,
567 1752 588 1797 o
606 1730 735 1798 iterum
756 1728 838 1796 felix
855 1729 1012 1818 Cepheia
1032 1729 1142 1818 virgo

432 1900 623 1967 Terrificos
640 1897 791 1966 monstri
809 1896 865 1964 cui
884 1898 971 1964 dum
992 1897 1160 1965 formidat
1178 1896 1307 1975 hiatus,

433 2073 599 2136 Assertor
619 2090 654 2134 se
673 2068 784 2148 affert,
803 2085 837 2134 et
854 2066 888 2133 in
907 2082 1078 2133 assertore
1097 2065 1267 2133 maritus!

435 2238 495 2305 Me
514 2238 541 2304 si
561 2237 680 2304 nullus
698 2238 808 2319 adest,
828 2237 947 2303 dextra
966 2235 1025 2324 qui
1048 2235 1187 2302 vindice
1205 2254 1331 2314 servet,

436 2407 600 2488 Perseus,
624 2423 729 2494 atque
747 2406 847 2472 datae
866 2422 986 2492 poscat
1003 2402 1069 2471 sibi
1089 2403 1247 2493 praemia
1262 2404 1366 2486 vitae,

434 2575 514 2664 lpsa
532 2597 597 2664 ego
613 2573 833 2664 congrediar.
854 2571 1034 2663 Quamvis
1052 2595 1122 2640 non
1141 2572 1252 2663 gloria
1269 2572 1400 2640 factum

437 2744 601 2826 Extollet‚
624 2760 786 2810 nostrum
808 2764 924 2830 neque
941 2741 1007 2810 erit
1024 2740 1257 2810 memorabile
1275 2763 1419 2822 nomen,

434 2911 630 3002 Suppliciis
649 2929 766 2979 temen
786 2929 836 2979 est
852 2911 1015 2978 animum
1036 2911 1229 3000 explevisse
1251 2911 1424 2999 voluptas.

434 3082 503 3148 Per
521 3100 553 3149 te
573 3103 704 3170 perque
722 3098 800 3148 tuas
819 3080 896 3148 iuro
914 3081 1090 3165 Dictynna
1107 3080 1262 3169 sagittas,

435 3251 505 3318 Per
522 3249 637 3318 fratris
654 3267 759 3339 caput
775 3249 906 3317 intonsi
925 3250 1172 3339 nymphasque
1191 3267 1378 3339 sequentes

434 3418 609 3508 Suscepto
631 3417 728 3507 prius
747 3419 841 3486 haud
860 3417 977 3486 studio
995 3417 1189 3500 discedere,
1209 3440 1342 3507 poenas

432 3587 556 3675 Quam
586 3588 748 3655 dederint
765 3587 887 3654 avidae
910 3605 1052 3655 exsucto
1070 3610 1134 3677 pro
1151 3587 1325 3677 sanguine
1340 3603 1464 3676 pestes.
1484 3611 1501 3652 r

481 3757 640 3824 Tantum
657 3757 756 3823 effata
775 3773 890 3824 torum
908 3756 1008 3845 petit,
1026 3774 1060 3823 et
1077 3756 1188 3823 lodice
1206 3775 1353 3836 remota,

434 3925 588 3995 Strenua
607 3925 781 3992 confertos
802 3925 937 3992 invadit
953 3925 1118 3992 cominus
1139 3926 1268 3992 hostes.

437 4095 541 4161 Hanc
560 4093 719 4161 stimulat
739 4093 837 4161 furor
854 4112 887 4161 et
904 4093 1079 4161 vindictae
1095 4111 1227 4162 arrecta
1246 4093 1376 4184 cupido
1391 4117 1400 4182 ;

440 4263 518 4328 Hos
534 4261 605 4351 agit
623 4260 798 4328 admissae
816 4262 970 4329 nimium
988 4284 1091 4329 mens
1103 4261 1243 4329 conscia
1260 4263 1384 4351 culpae
1402 4287 1411 4344 3

437 4432 470 4500 N
475 4454 511 4498 ec
527 4431 596 4498 iam
608 4453 767 4522 pugnam
782 4431 906 4499 ineunt
920 4433 1063 4516 alacres,
1076 4432 1299 4521 Martemque
1315 4433 1499 4500 lacessunt.

432 4600 503 4671 Sed
521 4600 640 4668 subito
657 4599 832 4690 trepidare
850 4618 962 4683 metu,
981 4620 1014 4669 et
1033 4601 1166 4691 fugere,
1184 4618 1217 4669 et
1233 4602 1315 4669 dare
1334 4602 1458 4691 longos
