3972 5654
721 595 877 640 SUMMUM
904 595 1117 640 PONTIFICEM

378 766 454 833 Rus
473 783 571 832 vocet
590 764 713 832 officiis
731 789 805 833 sera
824 766 890 834 sub
909 785 1008 834 nocte
1028 768 1197 850 solutum,

420 937 537 1023 Atque
555 956 673 1002 moras
691 935 811 1003 dulces
830 954 943 1003 nectat
959 936 1003 1003 ab
1022 937 1109 1005 urbe
1127 940 1262 1027 procul.

377 1103 411 1171 H
418 1103 448 1170 ic
468 1105 612 1171 tandem
631 1104 765 1194 proprii
787 1104 867 1172 felix
886 1127 1069 1194 possessor
1086 1107 1186 1198 agelli

323 1319 326 1326 f
421 1273 610 1341 Praediolo
627 1273 751 1340 subeat
770 1276 895 1341 rustica
918 1292 1004 1342 tecta
1024 1297 1134 1344 casae.

372 1443 493 1512 Obvia
512 1442 556 1510 sit
573 1443 691 1510 reduci
712 1445 778 1510 fida
797 1465 878 1511 cunt
899 1444 1049 1534 coniuge
1068 1445 1183 1534 proles
1200 1471 1209 1526 ς

420 1613 507 1680 Inde
526 1614 583 1681 det
601 1635 618 1679 e
637 1613 744 1701 septis
762 1612 879 1680 sobria
898 1635 1019 1680 mensa
1041 1614 1150 1682 cibos.

374 1783 407 1851 N
414 1805 431 1849 e
449 1804 532 1848 cave
553 1799 781 1870 corrumpant
798 1801 911 1850 castos
928 1783 1087 1872 contagia
1107 1806 1223 1852 mores

420 1951 487 2019 Per
504 1952 658 2019 celebres
677 1951 771 2018 vicos
788 1951 936 2019 fundere
957 1971 1054 2019 sueta
1073 1952 1181 2020 luent.

372 2121 551 2191 Curarum
570 2138 605 2188 at
623 2143 745 2202 vacuo,
764 2121 870 2188 sacris
887 2123 930 2188 de
949 2143 1047 2188 tttore
1065 2122 1183 2196 litatis.

419 2287 473 2358 Sit
492 2288 554 2355 tibi
574 2289 687 2377 sitque
704 2288 774 2356 tuis
795 2288 943 2377 septima
962 2287 1047 2356 festa
1068 2289 1155 2356 dies.

372 2457 563 2547 Officiique
583 2481 721 2526 memor
738 2475 852 2547 persta
871 2458 1046 2547 sortisque
1063 2458 1201 2527 futurae
1218 2485 1227 2540 3

417 2627 558 2709 Cetera,
576 2627 681 2694 dante
702 2628 789 2708 De0‚
808 2627 867 2694 lux
886 2626 979 2692 bona
996 2649 1157 2716 quaeque
1175 2627 1271 2695 feret.

373 2795 539 2862 Praemia
557 2817 619 2863 uec
637 2796 787 2863 deerunt
807 2817 907 2863 servo
928 2814 1006 2886 post
1023 2795 1092 2863 fata
1112 2797 1219 2880 fideti,

418 2963 559 3052 Proque
577 2963 672 3031 brevi
693 2965 762 3030 vita
781 2963 849 3030 vita
868 2963 1036 3052 perennis
1053 2963 1127 3031 erit.

372 3469 433 3541 Sic
450 3471 562 3560 aperit
579 3494 703 3539 sensus
719 3472 859 3539 coelesti
878 3470 1014 3538 lumine
1031 3471 1143 3537 claros

418 3640 572 3728 Eloquio
590 3641 749 3709 mulcens
766 3659 905 3731 pectora
926 3663 1027 3707 saeva
1049 3657 1155 3730 pater.

376 3813 407 3879 N
414 3835 450 3879 ec
468 3812 588 3879 minus
607 3811 663 3878 ille
683 3811 774 3879 idern
799 3811 905 3878 iustas
923 3809 1072 3877 ardescit
1092 3809 1126 3876 in
1147 3809 1228 3890 iras,

418 3981 557 4049 lrarum
576 3979 710 4048 facibus
727 4001 840 4069 quum
859 3979 916 4069 pia
937 4001 1041 4047 causa
1059 3979 1189 4046 subest.

374 4151 461 4218 Ecce
477 4172 627 4240 operum
647 4150 681 4216 in
699 4149 796 4216 fictos
812 4167 1001 4216 structores
1017 4147 1152 4215 lumina
1170 4147 1283 4227 vertit,

417 4319 492 4408 Qui
511 4319 634 4406 digitis
651 4321 771 4388 tacitas
788 4321 872 4387 dant
890 4318 1114 4407 referuntque
1134 4337 1246 4400 notas,

370 4492 640 4580 Talparumque
658 4491 734 4558 solo
752 4491 892 4558 fodiunt
906 4491 949 4557 de
968 4512 1066 4558 more
1084 4511 1253 4570 recessus,

415 4661 518 4729 Absit
535 4680 572 4729 ut
589 4660 739 4729 infernis
758 4660 862 4729 turba
879 4660 1025 4750 profana
1047 4659 1166 4730 sacris.
