3936 5578
539 520 602 586 230
944 541 1077 586 anunm
1104 542 1303 587 nonesrica

626 713 693 784 Cui
711 713 850 796 coleris,
868 736 1046 803 nusquam
1063 731 1136 782 est:
1155 714 1272 782 hostili
1291 714 1432 782 saucius
1449 737 1534 782 ense

670 882 828 966 Corruit,
847 905 994 951 uxorem
1012 884 1159 950 nomine
1176 906 1280 973 saepe
1299 905 1439 952 vocans.

626 1053 806 1141 Quattuor
823 1052 991 1138 armigeri
1010 1052 1167 1142 positum
1188 1052 1328 1120 subiere
1348 1052 1489 1134 feretro,

671 1223 839 1312 lustaque
859 1223 1041 1290 solverunt
1056 1222 1120 1290 rite
1138 1244 1305 1312 suprema
1324 1223 1411 1290 viro.

626 1392 767 1481 Cespite
786 1393 829 1459 de
849 1390 949 1459 viridi
969 1391 1129 1459 tumulus
1149 1391 1236 1477 tegit
1255 1413 1348 1474 ossa,
1367 1413 1541 1480 comaque

672 1563 744 1630 Ros
761 1560 870 1628 maris
887 1561 1023 1628 hirsuta
1040 1561 1155 1650 signat
1173 1561 1304 1628 odorus
1323 1561 1487 1627 humum.

624 1734 670 1798 At
687 1751 829 1796 summo
847 1728 1047 1796 Philomela
1065 1730 1162 1796 sedet
1179 1728 1413 1796 moestissima
1431 1749 1549 1810 ram0,

670 1898 839 1966 Manibus
860 1899 1038 1990 integrans
1058 1897 1259 1987 exsequiale
1281 1896 1442 1964 melos.»

624 2067 683 2138 Sic
701 2084 901 2134 memorant
918 2067 987 2134 nati
1008 2093 1015 2132 :
1035 2089 1163 2134 vocum
1179 2065 1367 2134 dulcedine
1385 2084 1508 2156 captus

669 2235 729 2304 Nil
747 2257 869 2303 moror
888 2235 1021 2327 argutis
1039 2235 1143 2325 plena
1164 2236 1299 2302 theatra
1320 2235 1451 2303 choris.

628 2405 746 2472 Excita
768 2404 915 2472 miratur
935 2403 1070 2471 somnis
1088 2421 1121 2470 et
1140 2425 1326 2471 murmure
1345 2404 1465 2470 blaeso

671 2574 875 2640 Postremos
897 2572 996 2640 iterat
1013 2573 1159 2662 parvula
1181 2590 1260 2639 nata
1278 2573 1406 2640 modos
1424 2597 1434 2652 ς

625 2744 712 2810 Inde
733 2764 750 2809 e
768 2742 942 2810 carbaseis
962 2744 1112 2810 tendens
1130 2764 1192 2808 sua
1210 2741 1354 2810 brachia
1372 2741 1489 2824 cunis,

669 2910 783 2981 Gestit
803 2911 837 2978 in
856 2910 1040 3000 amplexus
1058 2933 1160 3000 posse
1183 2909 1302 2978 venire
1322 2933 1433 2978 meos.

625 3081 660 3150 Ο
677 3079 749 3148 risu
769 3079 883 3162 suavi,
902 3080 1029 3148 blanda
1049 3079 1136 3146 mihi
1153 3102 1231 3146 cara
1247 3080 1401 3169 loquela,

671 3250 752 3317 Huc
770 3250 865 3332 adeS,
886 3249 993 3338 inque
1014 3271 1094 3316 meo
1112 3249 1207 3332 lude,
1226 3249 1358 3338 puella,
1376 3248 1471 3316 sinu.

625 3420 692 3485 Fas
709 3417 772 3485 tibi
790 3439 871 3485 cum
893 3418 1001 3486 barba
1020 3435 1162 3485 nostros
1184 3439 1307 3485 vexare
1327 3417 1489 3506 capillos,

670 3589 738 3656 Fas
756 3587 805 3655 ire
825 3587 857 3654 in
881 3587 1011 3676 patrias
1032 3609 1151 3677 ungue
1174 3604 1311 3653 secante
1327 3608 1448 3676 genas.

625 3755 677 3822 Mi
696 3777 847 3844 puerum
866 3755 990 3823 dilecta
1008 3756 1157 3842 cohors3
1177 3755 1236 3822 sed
1259 3771 1398 3844 pectore
1414 3753 1448 3822 in
1469 3753 1552 3834 ism,

669 3923 847 4012 Quamvis
865 3924 939 4014 ipse
958 3947 1098 4014 negem,
1120 3943 1155 3991 tu
1179 3925 1252 3990 loca
1271 3923 1387 4012 prima
1407 3940 1518 3990 tenes.

627 4093 866 4183 Praepositae,
888 4093 1024 4176 fratres,
1047 4117 1089 4161 ne
1111 4112 1311 4161 succensete
1330 4092 1466 4161 sorori:

671 4262 888 4351 Praecipuus
908 4263 1011 4330 matri
1031 4284 1093 4330 vos
1110 4284 1225 4345 amor,
1247 4263 1305 4329 illa
1323 4262 1424 4352 patri.

627 4431 700 4498 Nec
718 4453 773 4497 me
790 4453 894 4498 causa
914 4431 993 4500 latet
1012 4459 1019 4499 ε
1043 4433 1151 4522 patris
1170 4454 1231 4498 vos
1249 4454 1309 4498 ora
1332 4429 1494 4512 refertis;

670 4599 819 4687 Quanto
839 4599 887 4667 illi
910 4601 1039 4668 melius
1059 4602 1210 4671 candida
1233 4621 1343 4670 mater
1364 4602 1475 4669 inest!
