3936 5578
512 540 574 603 216
1051 555 1144 600 musa

599 729 713 818 Quid,
732 730 826 818 quod
845 729 929 796 edax
950 729 1049 796 vobis
1067 727 1263 816 corrumpit
1279 745 1417 816 pectora
1436 728 1537 808 livor,

644 901 687 966 Et
706 916 881 966 commota
899 898 1008 964 semel
1031 919 1100 964 non
1119 896 1211 986 capit
1230 895 1279 964 ira
1303 898 1449 964 modum
1466 898 1476 963 i

597 1068 723 1136 Pierus
746 1068 837 1134 hanc
853 1067 975 1148 sensit,
994 1065 1145 1154 sumptis
1163 1065 1222 1132 ubi
1244 1065 1404 1153 protinus
1425 1065 1501 1144 alis,

643 1237 791 1305 Aetium
814 1253 913 1302 natas
932 1257 1074 1324 carpere
1096 1234 1183 1302 vidit
1203 1234 1278 1301 iter.

601 1405 711 1494 Quod
729 1423 845 1472 tamen
864 1404 919 1471 his
936 1403 1068 1472 crimen
1089 1403 1234 1470 nocuit?
1258 1403 1294 1473 Si
1315 1425 1394 1470 vera
1416 1403 1579 1484 fatemur,

647 1576 697 1642 De
717 1574 817 1641 vobis
835 1574 990 1663 palmam
1009 1574 1110 1660 culpa
1129 1573 1248 1639 tulisse
1267 1571 1344 1639 fuit.

598 1743 757 1812 Transiit
778 1765 797 1808 a
815 1742 939 1809 vestris
957 1760 1073 1808 nostra
1092 1740 1126 1809 in
1147 1741 1348 1830 praecordia
1372 1741 1479 1830 pestis
1498 1767 1505 1806 ι

647 1912 741 1980 Hinc
760 1930 791 1978 et
809 1933 873 1978 nos
893 1929 986 1977 vates
1005 1910 1124 1977 invida
1144 1911 1245 1976 turba
1263 1931 1400 1976 sumus.

602 2087 648 2150 At
666 2099 765 2170 putu,
785 2081 881 2148 uuila
899 2082 1020 2147 Venus
1039 2080 1203 2146 Parnassi
1225 2079 1319 2145 venit
1336 2079 1379 2145 ad
1397 2101 1506 2159 arces,

645 2252 689 2318 Et
710 2251 807 2316 iuvat
824 2267 962 2316 aeterna
982 2248 1181 2338 virginitate
1201 2248 1294 2316 frui?

601 2422 708 2487 Furta
728 2421 841 2487 Deum
862 2419 1041 2506 bifidoque
1059 2419 1235 2484 ululantes
1253 2417 1380 2484 vertice
1400 2419 1586 2506 Nymphas

646 2587 709 2658 Sat
728 2587 932 2655 meminisse
952 2606 959 2654 :
983 2605 1072 2654 vetat
1091 2588 1191 2676 plura
1211 2587 1337 2655 referre
1355 2588 1481 2677 pudor.

603 2759 709 2824 Nunc
729 2779 872 2845 quoque
890 2757 1031 2824 venales
1053 2757 1157 2846 vulgo
1176 2775 1332 2845 prostare
1353 2757 1528 2824 Camenas

647 2925 854 3007 Cernimus,
873 2946 905 2993 et
923 2925 1015 3014 turpi
1034 2948 1201 3014 quaerere
1221 2926 1315 2992 lucra
1334 2925 1423 2992 inco,

601 3096 700 3162 Tene
718 3095 809 3183 capi,
827 3094 957 3165 Siculis
975 3094 1077 3165 Siren
1099 3095 1210 3184 magis
1228 3094 1390 3183 improba
1412 3099 1593 3176 monstris,

645 3266 761 3352 Atque
782 3262 852 3330 tuis
870 3263 967 3351 potui
987 3263 1089 3329 thura
1110 3284 1267 3329 cremare
1284 3261 1395 3328 focis?

599 3431 656 3499 Ait
682 3453 737 3498 me
755 3431 928 3500 Castalius
947 3431 1062 3497 malus
1078 3452 1175 3496 error
1195 3430 1291 3496 adire
1308 3451 1464 3496 recessus

648 3599 744 3686 Egit,
767 3618 799 3666 et
818 3599 931 3666 inviso
949 3600 1101 3666 subdere
1117 3599 1204 3664 colla
1221 3599 1317 3688 iugo.

604 3769 705 3835 lrrita
725 3790 819 3835 nunc
837 3768 959 3835 saltem
977 3770 1090 3835 taedet
1107 3789 1164 3834 nte
1182 3768 1329 3835 fundere
1345 3785 1437 3846 vota,

651 3938 694 4004 Et
711 3937 785 4004 cive
804 3937 961 4022 ingenuo
981 3937 1085 4004 verba
1103 3937 1241 4004 minora
1260 3937 1370 4025 loqui.

601 4111 673 4174 Aut
690 4106 797 4172 accita
815 4107 883 4173 tuis
902 4128 1068 4194 praeceps
1086 4105 1238 4172 allabere
1256 4105 1375 4186 sacris,

645 4279 718 4342 Aut
738 4274 823 4341 mihi
843 4274 975 4341 servitii
994 4275 1132 4341 vincula
1151 4276 1253 4341 deme
1274 4273 1399 4363 gravis.
1421 4313 1462 4321 —

606 4441 673 4510 His
691 4464 755 4532 ego
776 4444 862 4510 dum
881 4460 1034 4509 mentem
1054 4442 1193 4509 solabar
1210 4442 1392 4530 questibus
1410 4465 1563 4531 aegram,

647 4613 751 4678 Musa
770 4635 897 4700 repens
918 4612 1039 4678 oculos
1059 4611 1190 4678 adstitit
1208 4629 1288 4678 ante
1309 4633 1418 4677 meos.
