3942 5592
504 551 568 612 204
1025 550 1158 593 ESTllER

505 725 567 791 Ille
587 746 699 790 unum
718 747 735 790 e
755 723 885 791 teneris
903 723 1021 790 docuit
1040 745 1095 790 nte
1112 745 1302 812 agnoscere
1321 744 1467 802 numen„

502 894 681 981 Tempore
700 892 794 980 quod
815 892 913 959 nullo
931 908 990 959 aut
1009 891 1122 980 spatio
1144 891 1240 958 linita
1259 891 1414 957 locorum

505 1062 626 1148 Regna
644 1078 749 1141 tenet,
767 1061 821 1127 cui
842 1061 891 1127 sol
911 1078 943 1127 et
960 1079 1071 1127 cetera
1090 1059 1202 1127 sidera
1225 1077 1348 1149 parent

504 1229 620 1318 Ipsius
639 1252 699 1319 per
718 1231 821 1296 innne
842 1251 948 1296 manu
966 1229 1118 1318 proiectu
1138 1227 1285 1317 potenti.

505 1399 567 1465 llle
585 1398 688 1465 etiam
709 1399 821 1466 t'arius
838 1399 1002 1465 animum
1022 1397 1110 1465 milti
1129 1399 1226 1464 linxit
1247 1399 1288 1465 nd
1307 1415 1409 1467 artes.

500 1566 705 1636 Connubiis
723 1567 858 1634 addicto
878 1567 947 1634 tuis
966 1585 1002 1634 ut
1020 1567 1171 1656 coniuge
1188 1584 1285 1633 tanto

504 1736 630 1802 Essem
650 1734 795 1826 indigna
815 1735 947 1816 minus,
967 1735 1028 1802 tibi
1049 1759 1111 1803 nec
1132 1738 1294 1825 despecta
1313 1736 1472 1802 iacerem.

501 1905 573 1974 Sed
592 1905 676 1994 quid
695 1905 937 1972 Achaemenio
959 1928 1030 1972 non
1050 1905 1272 1994 displicuisse
1296 1905 1426 1995 regenti

506 2074 655 2163 Expedit
673 2092 717 2155 et,
739 2097 811 2162 quo
828 2093 880 2153 tu,
902 2074 993 2165 cingi
1015 2075 1210 2142 diademate
1229 2073 1394 2143 frontem.

503 2244 562 2310 Me
580 2244 722 2331 quando
739 2262 844 2330 atque
862 2265 960 2310 meos
980 2266 1124 2332 prorsus
1141 2243 1345 2311 discrimine
1365 2243 1463 2309 nullo

504 2411 620 2479 Exitio
637 2413 808 2478 damnant
825 2413 960 2480 decreta
980 2413 1131 2480 recentia
1153 2413 1245 2479 circs
1264 2415 1274 2478 i

500 2580 612 2668 Quod
640 2598 755 2647 tnrnen
783 2581 829 2648 ob
857 2580 1021 2648 fucinus?
1053 2604 1167 2670 neque
1193 2583 1287 2649 enirn
1308 2581 1501 2649 serrantior
1520 2603 1669 2668 usquurn

499 2748 598 2818 Gens
615 2749 719 2837 aequi
739 2749 899 2838 legumve
919 2749 1032 2834 magis
1054 2751 1208 2817 studiosa
1227 2768 1380 2817 tuarum.

502 2919 564 2985 Est
582 2939 723 3006 nempe,
743 2935 793 2984 est
814 2919 942 3006 uliquis
959 2919 1019 3007 qui
1041 2941 1103 2985 nos
1125 2938 1157 2986 et
1176 2938 1293 2986 nostru
1312 2941 1456 3007 perosus

500 3085 647 3154 Crudeli
671 3087 843 3154 innocuos
863 3087 1009 3154 molitur
1025 3087 1145 3154 tollere
1168 3089 1247 3167 let0,

501 3255 635 3344 Regius
656 3254 784 3323 idcirco
801 3273 972 3344 tunquam
991 3255 1056 3322 sibi
1077 3255 1225 3322 traditus
1243 3275 1333 3323 esset

496 3425 679 3507 Annulus,
698 3442 737 3490 ut
754 3424 942 3490 dominum
961 3423 1047 3491 diris
1066 3424 1272 3492 inscriberet
1289 3427 1396 3493 ausis.

501 3592 614 3658 Parva
632 3593 757 3680 loquor
776 3618 785 3670 ς
808 3592 870 3659 tibi
894 3615 1047 3681 namque
1067 3593 1132 3682 ipsi
1156 3617 1265 3682 quum
1286 3593 1351 3661 satu
1372 3614 1520 3684 peruret¹¹

499 3761 696 3849 Imperium
715 3761 854 3850 cupidis
872 3779 909 3828 ut
929 3763 1094 3831 venderet
1112 3764 1247 3831 advena
1265 3763 1394 3833 Graiis.

499 3929 662 3996 Pollicito
680 3932 714 3996 in
734 3930 875 3996 caedem
894 3931 1056 3997 custodes
1074 3932 1218 4020 impulit
1239 3955 1335 3999 auro,

496 4099 572 4186 Qui
593 4117 778 4188 postquam
797 4099 910 4188 coepti
929 4100 1097 4167 scelerato
1116 4101 1287 4191 sanguine
1306 4125 1437 4190 poenus

496 4267 699 4350 Solverunt,
719 4269 822 4334 sociis
841 4291 883 4334 ne
903 4290 972 4334 non
992 4268 1171 4336 exsisteret
1189 4271 1294 4347 ultor,

499 4437 649 4504 Perdere
670 4437 864 4518 constituit,
882 4437 984 4504 cuius
1003 4437 1201 4526 meritoque
1220 4441 1357 4529 fideque

496 4603 639 4693 Sospite
658 4607 692 4672 in
714 4607 801 4672 hanc
820 4611 932 4672 lucem
956 4607 1103 4674 lnetntur
1121 4608 1278 4698 principe
1297 4632 1457 4698 regnum.
