3972 5654
540 477 602 542 308
979 497 1024 540 nu
1043 495 1184 540 neoussr
1207 496 1269 540 xur

584 670 779 737 Instaurata
800 669 895 736 videt
915 670 1088 736 Laterano
1106 668 1233 737 vertice
1251 669 1383 758 templa

625 837 814 906 Zachariae
833 837 962 926 proies,
981 837 1120 920 nuntia,
1141 836 1296 920 Christe,
1314 837 1389 918 tui,

582 1011 699 1096 Atque
718 1027 839 1075 recens
856 1005 953 1073 fluvii
972 1028 1042 1095 qua
1060 1006 1172 1096 surgit
1190 1005 1348 1096 margine
1367 1006 1480 1088 vicus,

628 1177 824 1256 Praeclara,
845 1174 1017 1256 [oachim,
1036 1193 1069 1242 te
1090 1174 1179 1242 locat
1198 1176 1284 1242 aede
1305 1177 1390 1258 Leo,

582 1344 866 1433 Sanctorumque
883 1343 980 1411 auxit
996 1344 1135 1432 quoties
1152 1343 1323 1412 altaribus
1342 1367 1487 1432 agmen,

628 1512 795 1582 Delubris
811 1535 911 1580 amor
928 1530 980 1580 est
995 1511 1117 1580 sistere
1136 1535 1314 1602 quemque
1333 1514 1447 1580 novis.

581 1681 771 1769 Accipiunt
787 1681 865 1748 laeti
885 1681 952 1748 sibi
970 1704 1061 1770 quos
1079 1681 1202 1749 indicit
1223 1683 1391 1764 honores,

627 1850 729 1918 lilius
749 1867 782 1916 et
799 1872 947 1939 superos
965 1868 1089 1917 mutua
1106 1872 1189 1918 cura
1211 1850 1318 1918 subit.

583 2021 637 2088 En
657 2037 728 2086 sata
749 2041 812 2108 per
828 2037 938 2085 terras
956 2016 1080 2085 mirata
1099 2016 1231 2085 rosaria
1251 2017 1398 2108 passim,

627 2189 746 2255 Prona
764 2186 855 2254 favet
872 2185 976 2254 donis
994 2187 1201 2254 intemerata
1219 2208 1358 2275 parens.

583 2357 677 2426 Nam
697 2355 818 2446 digitis
836 2355 901 2422 sibi
921 2357 1112 2422 succedunt
1131 2373 1217 2444 quot
1234 2377 1346 2441 grana
1368 2355 1545 2436 remissis,

625 2524 748 2616 Virg0,
767 2523 829 2592 ribi
848 2525 950 2591 toties
967 2525 1195 2592 continuatur
1212 2547 1285 2591 ave.

583 2695 679 2762 Hinc
696 2692 758 2760 tibi
778 2691 943 2783 promissi
965 2693 1064 2782 prius
1084 2693 1265 2782 optatique
1284 2693 1422 2761 clientis

626 2861 772 2953 Spargis
790 2861 824 2928 in
844 2862 1034 2930 adventum
1053 2863 1185 2951 templa
1203 2881 1358 2951 superna
1378 2862 1467 2930 rosis
1483 2885 1492 2950 3

582 3036 698 3121 Atque
720 3031 845 3098 hostile
863 3049 966 3098 tuens
983 3053 1126 3098 summo
1143 3032 1319 3097 luctamen
1338 3031 1382 3097 ab
1400 3053 1462 3098 axe

626 3199 790 3271 Conteris
807 3199 1006 3289 anguinum
1023 3201 1114 3267 calce
1133 3217 1316 3288 premente
1332 3218 1438 3289 caput
1457 3224 1466 3280 ς

581 3373 756 3458 Astraque
775 3370 863 3437 dum
884 3370 1024 3459 fingunt
1040 3369 1206 3436 dominae
1224 3369 1389 3436 duodena
1409 3390 1597 3451 coronam,

628 3537 743 3606 Fulcit
761 3539 845 3606 iuna
862 3556 941 3605 tuos
958 3535 1112 3605 officiosa
1134 3539 1251 3627 pedes.

581 3709 711 3796 Tuque
728 3708 828 3790 adeo,
845 3725 903 3773 tua
922 3706 1034 3773 sinon
1054 3729 1136 3774 sunt
1153 3707 1333 3796 suffragia,
1353 3707 1464 3796 virgo,

628 3876 743 3959 Irrita,
763 3898 827 3943 nec
845 3877 951 3943 surda
969 3875 1105 3964 respuis
1124 3898 1208 3943 aure
1226 3899 1360 3965 preces,

581 4048 653 4128 Tu,
673 4067 808 4134 precor,
828 4044 959 4112 auxilio
977 4066 1146 4134 magnum
1167 4045 1279 4111 solare
1299 4064 1498 4134 parentem,

626 4214 942 4303 Christiadumque
961 4235 1030 4281 una
1048 4213 1096 4280 sic
1113 4233 1231 4280 tueare
1250 4236 1404 4304 gregem.

584 4382 732 4472 Respice
751 4405 820 4450 non
837 4383 934 4472 segni
953 4405 1061 4472 quam
1081 4406 1141 4450 vos
1162 4383 1357 4473 obstringat
1377 4406 1500 4452 amore

626 4552 884 4638 Magnanimus
902 4571 1026 4634 rector,
1049 4570 1080 4619 te
1100 4575 1323 4641 puerumque
1340 4571 1455 4631 tuum,
