3970 5580
1002 437 1152 483 lUDlTllA

580 611 780 696 Poscimur,
800 629 954 679 extorres
972 611 1123 701 patriam
1141 633 1230 699 quae
1248 610 1376 676 flemus
1394 611 1613 698 ademptam.

581 781 662 848 Non
682 781 772 848 bene
790 779 907 848 servili
928 797 1051 847 cantus
1071 797 1286 869 promuntur
1303 778 1347 845 ab
1365 801 1439 858 ore,

582 950 655 1017 Nec
672 948 753 1016 facit
770 951 813 1016 ad
831 949 962 1034 digitos
980 949 1151 1038 plectrum
1170 951 1250 1016 data
1269 971 1377 1037 pensa
1397 948 1603 1015 trahentes:

579 1118 762 1186 Nimirum
781 1117 935 1186 lacrimis
953 1117 1117 1184 lentescet
1137 1118 1269 1185 chorda
1288 1116 1455 1206 profusis.

579 1289 735 1377 Torpeat
755 1305 834 1355 ante
850 1309 980 1354 manus
998 1286 1100 1353 nobis
1114 1287 1223 1353 oblita
1242 1286 1391 1364 moveri,

580 1455 820 1544 Officiumque
838 1472 940 1545 neget
958 1473 1182 1543 praemortua
1200 1471 1341 1544 gutture
1358 1454 1490 1544 lingua,

581 1626 632 1692 Ex
650 1625 771 1691 animo
789 1643 847 1692 tua
866 1645 987 1712 quam,
1008 1623 1109 1706 Sion,
1129 1623 1266 1690 labatur
1284 1623 1415 1712 imago,

583 1795 689 1864 Utere
708 1792 861 1874 fortuna,
883 1792 1041 1882 Babylon
1065 1791 1191 1873 invisa,
1211 1792 1364 1858 secunda
1383 1815 1392 1872 ς

583 1964 657 2030 Nec
672 1979 790 2027 tamen
810 1960 943 2027 exsulta
960 1959 1064 2027 fluxis
1081 1961 1168 2026 elata
1185 1957 1391 2048 triumphis.

580 2129 744 2220 Assyrias
762 2129 888 2196 vindex
906 2131 940 2196 in
959 2146 991 2195 te
1011 2131 1106 2196 Deus
1124 2151 1201 2195 ecce
1220 2130 1380 2196 cohortes

581 2298 756 2380 concitat,
777 2297 998 2386 invictaeque
1018 2296 1116 2365 addit
1134 2319 1223 2364 nova
1242 2297 1368 2365 robora
1385 2297 1497 2382 genti.

584 2468 664 2535 Heu
683 2466 746 2534 tibi
765 2489 870 2555 quam
890 2466 1024 2534 subitas
1043 2466 1174 2534 Ninive
1193 2485 1290 2556 parat
1308 2467 1447 2534 aemula
1465 2466 1605 2533 clades!

582 2637 686 2723 Quae
706 2658 770 2702 nos
788 2658 881 2702 nunc
900 2654 998 2726 urget
1019 2637 1109 2703 mala
1128 2659 1216 2719 sors,
1236 2636 1376 2726 urgebit
1393 2655 1426 2702 et
1443 2635 1529 2702 olim

581 2806 704 2893 Teque
724 2826 906 2892 nurusque
927 2823 1027 2872 tuas:
1049 2804 1185 2871 vicibus
1201 2822 1278 2872 tum
1299 2804 1455 2893 denique
1473 2804 1583 2872 versis

584 2974 772 3062 Experiere
794 2973 855 3041 Dei
875 2996 983 3062 quam
1003 2993 1097 3041 vasta
1116 2974 1271 3064 potentia
1291 2976 1415 3058 nostri,

583 3141 814 3231 Supplicibus
832 3143 893 3230 qui
911 3142 969 3209 dat
991 3143 1145 3226 veniam,
1165 3144 1359 3232 sternitque
1377 3145 1559 3233 superbos.
1578 3171 1599 3208 »

629 3311 697 3377 Hic
715 3311 774 3378 ubi
794 3311 958 3400 deposuit
975 3312 1145 3379 citharam
1163 3330 1378 3402 cantumque
1397 3314 1575 3403 repressit,

582 3483 784 3570 Assurgunt
802 3481 931 3569 pariter
948 3481 1073 3548 studiis
1096 3482 1292 3570 plausuque
1314 3481 1453 3572 fragoso

583 3649 776 3731 Convivae,
793 3649 937 3716 laudant
954 3672 1112 3730 carmen,
1130 3651 1343 3739 laudantque
1358 3669 1558 3735 canentem,

583 3822 699 3906 Atque
718 3817 763 3884 ita
784 3819 967 3885 confidunt
986 3818 1121 3885 domini
1141 3838 1280 3908 captare
1301 3819 1471 3888 favorem.

584 3985 781 4075 Singultata
804 3986 906 4053 refert
925 3987 953 4053 is
971 3987 1090 4054 blaeso
1109 4010 1293 4056 murmure
1315 3990 1420 4057 verba
1439 4013 1447 4067 3

585 4156 615 4222 N
624 4172 696 4221 utat
713 4173 745 4222 et
763 4155 797 4221 in
822 4173 942 4244 pectus
962 4156 1078 4223 cervix
1096 4180 1244 4224 onerosa
1264 4159 1436 4226 recumbit
1456 4185 1464 4242 3

583 4325 694 4407 Tum,
714 4346 768 4391 cur
790 4323 892 4391 nixus
910 4343 997 4408 erat,
1015 4326 1155 4393 cubitus
1174 4351 1315 4416 quoque
1334 4328 1480 4396 succidit
1500 4351 1621 4414 aegro,

585 4492 733 4560 Pondus
752 4493 846 4561 iners
865 4495 994 4584 premit
1011 4495 1068 4562 ille
1086 4514 1219 4579 torum,
1234 4496 1301 4564 nisi
1321 4516 1459 4586 pectore
1479 4520 1625 4566 somnos
