3970 5580
494 560 537 626 90
887 560 934 604 ao
959 559 1120 604 ruvanaru
1148 529 1273 603 sarrai

495 733 559 804 Sin
578 751 696 801 autem
714 755 826 822 usque
843 733 932 800 adeo
947 734 1062 823 coepit
1082 734 1271 801 clarescere
1289 732 1382 800 fama

497 902 610 986 Illius,
630 902 721 969 hanc
737 919 776 970 ut
794 903 990 970 mordendo
1008 901 1057 970 nii
1077 901 1239 992 proficias
1257 901 1336 991 plus

499 1071 627 1160 Vipera
647 1094 754 1160 quam
775 1093 908 1154 vecors,
928 1070 988 1138 ubi
1008 1071 1129 1138 limam
1148 1072 1252 1138 dente
1270 1068 1407 1159 petivit,

496 1239 589 1308 «Dii
608 1239 712 1323 bene,
730 1238 913 1322 clamabis,
933 1238 1062 1306 nostris
1079 1239 1175 1328 quod
1194 1237 1310 1328 paruit
1328 1238 1391 1305 iste

496 1407 667 1478 Consiliis
685 1407 866 1496 prudens3
886 1429 983 1491 nam,
1003 1407 1032 1474 si
1054 1406 1208 1489 nescitis,
1227 1406 1342 1475 amico

496 1581 758 1666 Argumentum
778 1594 921 1662 egomet
938 1574 1030 1643 suasi
1050 1575 1274 1665 formamque
1296 1574 1418 1642 libelii.

500 1746 598 1813 Haec
615 1744 721 1813 etiam
741 1745 872 1813 correxi
894 1762 999 1834 atque
1018 1746 1116 1828 haec,
1138 1765 1357 1833 quamquam
1375 1743 1450 1833 ipse
1465 1743 1563 1811 fateri

499 1913 663 2004 ingratus
681 1935 751 1980 non
770 1914 856 1980 vult.
871 1939 888 1978 s
906 1914 1054 1982 Alienae
1072 1913 1118 1980 ira
1136 1930 1173 1981 tu
1191 1934 1334 2002 quoque
1353 1912 1468 1980 laudis

500 2081 541 2148 In
563 2099 699 2171 partem
721 2083 840 2149 venies
861 2081 1025 2164 minimo,
1044 2082 1212 2171 salvaque
1229 2103 1398 2150 crumena

501 2251 686 2318 Maecenas
705 2250 773 2318 eris
789 2269 945 2318 actutum
965 2251 1038 2319 sive
1057 2250 1260 2318 Hoeuti'tius
1279 2255 1290 2293 ¹
1306 2249 1404 2316 alter.

547 2419 608 2486 Est
624 2418 759 2508 aliquid
777 2419 912 2487 clarum
931 2421 1065 2509 populo
1083 2421 1312 2509 praetendere
1329 2437 1493 2500 stemma,

501 2587 630 2676 Ampla
647 2609 759 2676 genus
779 2587 807 2653 si
826 2587 1077 2654 commendant
1096 2587 1311 2678 patrimonia
1329 2587 1499 2677 priscum.

501 2754 607 2843 Quae
624 2754 801 2843 siquidem
820 2755 882 2822 tibi
905 2777 980 2822 sors
1001 2777 1071 2822 non
1090 2755 1250 2846 contigit,
1268 2774 1420 2823 attamen
1440 2756 1529 2845 ipse,

500 2922 586 3011 Qua
604 2924 736 3012 poteris
753 2940 842 3008 tut0‚
864 2925 1015 2992 cerdone
1033 2941 1170 2992 creatus
1188 2946 1335 2992 avorum

502 3091 660 3159 Nomina
676 3113 804 3182 magna
825 3114 941 3182 crepa,
960 3091 1173 3181 diversoque
1191 3094 1277 3160 orbe
1295 3092 1441 3161 iacentis

504 3262 628 3351 Iugera
646 3278 696 3328 tot
713 3259 812 3328 fundi
829 3286 839 3345 ς
860 3283 1009 3352 magnos
1026 3284 1169 3350 quoque
1187 3263 1279 3353 finge
1297 3263 1436 3331 sodales

502 3429 568 3496 Vix
586 3430 693 3497 semei
712 3447 884 3517 aspectos,
904 3451 1060 3524 quorum
1078 3453 1188 3521 prope
1206 3431 1234 3498 si
1255 3431 1336 3521 quis
1353 3433 1504 3514 adesset,

502 3597 577 3666 Ora
595 3596 659 3665 tibi
677 3597 796 3666 forsan
814 3600 935 3667 caedat
951 3599 1135 3666 mendacia
1154 3600 1297 3690 pugnis.

505 3766 659 3833 Pavonis
680 3768 767 3834 dum
787 3789 874 3834 vana
892 3766 980 3857 gerit
997 3766 1176 3835 cornicula
1196 3789 1346 3857 pennas,

504 3934 636 4004 Omnis
652 3957 730 4003 eam
749 3934 899 4003 miratur
915 3935 990 4002 avis
1008 3963 1015 4003 :
1035 3953 1110 4004 tum
1133 3936 1250 4004 fabula
1272 3935 1343 4018 fiet,

504 4101 631 4190 Quum
654 4103 744 4170 maie
762 4103 911 4171 furtivos
928 4104 1092 4172 defendet
1111 4105 1221 4173 inulta
1240 4106 1387 4172 colores.

504 4271 729 4360 vaniloquus
746 4290 781 4339 tu
802 4272 829 4339 si
845 4271 917 4340 fors
933 4274 1165 4362 deprendere,
1182 4293 1301 4341 caveto

612 4528 621 4558 ¹
642 4527 662 4582 1.
677 4527 712 4580 Η.
727 4526 859 4592 Hoeufft,
870 4527 995 4583 Batavus
1009 4529 1129 4599 quidam
1145 4530 1262 4596 nobilis,
1276 4531 1361 4586 cuius
1375 4547 1408 4585 ex
1425 4534 1516 4601 iegato
1530 4544 1676 4586 certamen

506 4633 652 4706 poeticum
669 4633 838 4689 institutum
856 4647 908 4689 esr.
