4004 5612
612 559 768 604 vinarius
792 559 1011 606 narunronrs
1034 560 1220 616 Quunuuau
1442 542 1504 627 239

423 733 500 800 Nec
519 754 633 808 mora,
653 731 817 821 prosilui,
840 732 1044 822 pernicique
1062 732 1166 800 obvia
1183 755 1287 800 cursu

472 901 580 969 Inieci
597 900 756 991 duplices
773 901 806 968 in
827 924 889 968 sua
910 901 999 969 colla
1018 923 1158 969 manus.

421 1070 582 1141 Suscitor
599 1070 820 1146 hicsomno:
844 1090 875 1138 te
896 1071 1007 1138 solam
1026 1070 1186 1161 amplexa
1207 1051 1388 1152 tenebam,

466 1239 603 1311 Culcita
621 1241 663 1307 de
681 1240 835 1308 lacrimis
851 1239 1013 1330 protinus
1035 1241 1102 1308 uda
1121 1240 1220 1307 meis.

421 1410 492 1491 An,
514 1409 687 1477 miserum
705 1427 755 1477 est
771 1409 926 1476 flammis
948 1430 1016 1476 non
1038 1409 1291 1498 apparentibus
1309 1409 1379 1492 uri,

469 1579 728 1668 Materiamque
747 1578 817 1668 igni
837 1601 907 1645 non
927 1577 1080 1668 reperire
1098 1582 1184 1645 suo!

421 1748 528 1815 Tunc
549 1748 608 1815 ubi
629 1748 812 1836 primaevo
830 1747 1019 1814 vernabam
1041 1746 1126 1814 flore
1144 1747 1318 1832 iuventae,

469 1923 586 2005 Atque
606 1916 692 1984 mibi
711 1916 820 1983 fastus
837 1916 949 1984 forma
969 1915 1114 2004 probata
1135 1916 1254 1999 dabat,

428 2085 530 2173 Quot
547 2086 671 2153 stolida
690 2087 883 2174 qualesque
902 2108 1026 2174 procos
1045 2107 1114 2152 non
1135 2104 1252 2153 mente
1271 2085 1418 2174 paravi?

475 2255 589 2325 Unica
608 2256 763 2324 delectus
782 2277 864 2322 cura
887 2253 1003 2322 lutura
1020 2254 1097 2322 fuit.

429 2425 596 2513 Dumque
615 2425 674 2491 uni
694 2423 848 2491 celebres
865 2424 1045 2510 fingebam
1064 2423 1182 2492 iuncta
1200 2423 1418 2513 triumphos,

473 2594 639 2662 Anteibat
656 2617 780 2662 currus
798 2593 895 2662 irrita
912 2594 1015 2661 turba
1038 2616 1143 2661 meos.

426 2761 518 2852 Spes
538 2780 610 2830 erat
626 2762 711 2830 haec
731 2761 816 2828 olim
833 2786 842 2844 3
861 2762 920 2829 sed
940 2783 1047 2843 nunc,
1066 2779 1177 2828 aetate
1195 2761 1376 2852 magistra,

474 2932 595 3021 Quam
616 2955 693 3000 mea
711 2949 794 3000 sunt
812 2932 936 3021 priscis
958 2950 1035 2998 vota
1053 2932 1211 2999 modesta
1229 2931 1364 3021 magis!

431 3104 513 3171 Non
531 3103 611 3170 volo
629 3102 673 3169 sit
692 3102 790 3169 dives
810 3123 888 3168 mea
905 3101 965 3190 qui
984 3100 1161 3168 connubia
1183 3118 1314 3188 poscet,

479 3275 554 3342 Nec
575 3295 660 3363 rogo
676 3295 712 3340 se
732 3272 818 3339 facie
836 3273 935 3339 iactet
953 3289 990 3338 ut
1007 3271 1064 3338 ille
1085 3270 1187 3337 bona.

429 3443 607 3532 Quisquis
623 3443 704 3524 eris,
723 3443 832 3510 modo
850 3441 910 3523 sis,
929 3439 989 3530 qui
1009 3462 1064 3507 me
1082 3439 1271 3530 dignabere
1292 3440 1405 3517 taeda,

478 3613 536 3680 Tu
555 3611 644 3679 mihi
666 3611 718 3678 vel
738 3610 905 3692 Croesus,
924 3627 960 3677 tu
982 3610 1035 3676 vel
1055 3608 1193 3677 Adonis
1209 3606 1290 3676 eris,

434 3782 597 3871 Denique
615 3781 662 3848 sis
680 3780 834 3860 tetricus,
855 3779 953 3848 rudis
971 3777 1265 3867 improbulusque
1287 3775 1415 3844 licebit.

476 3952 529 4019 Te
547 3973 690 4039 quoque
708 3971 816 4039 quam
836 3949 975 4016 nullum
994 3964 1144 4038 praestat
1161 3946 1290 4015 habere
1309 3945 1437 4013 virum.

433 4120 473 4192 Si
492 4120 555 4189 tibi
575 4142 655 4188 sum
672 4121 783 4202 cordi,
806 4137 858 4187 sat
875 4119 953 4202 erit,
972 4117 1132 4206 mihique
1150 4115 1225 4206 ipsa
1243 4114 1390 4183 videbor

485 4291 566 4358 Non
586 4291 675 4358 male
693 4288 899 4358 commissas
920 4287 1010 4354 inter
1027 4286 1189 4354 habenda
1207 4307 1328 4352 nurus

438 4465 511 4528 Aut
528 4459 556 4526 si
577 4482 647 4527 non
668 4477 707 4527 ut
723 4481 820 4526 ames
838 4479 918 4525 sum
934 4456 1035 4538 tanti,
1057 4456 1123 4524 hoc
1144 4457 1313 4544 deprecor
1333 4475 1446 4521 unum

484 4630 537 4696 Ne
555 4651 657 4697 meus
675 4630 745 4697 ulla
761 4628 825 4696 tibi
844 4628 957 4697 taedia
978 4627 1095 4717 iggnat
1112 4647 1224 4692 amor.
