3970 5580
522 542 565 606 80
825 560 1000 605 AFRlCANA
1019 560 1188 606 SERVlTUS
1205 561 1390 606 ABOLENDll

524 737 605 803 Non
626 733 754 801 iterum
771 734 914 802 orbatae
932 733 1110 823 reliquum
1133 733 1275 802 visenda
1293 755 1355 823 per
1372 755 1500 800 aevum
1518 758 1527 814 ς

525 903 598 971 Nec
616 902 687 970 iam
707 902 790 970 flere
806 920 928 970 vacat:
948 902 1073 992 crispis
1090 925 1266 992 apprensa
1282 901 1419 992 capillis

524 1073 591 1140 Dat
608 1093 739 1161 poenas
760 1072 902 1154 mulier,
921 1089 1095 1161 partuque
1113 1094 1229 1139 carere
1248 1070 1388 1138 novello

523 1243 781 1330 Emptoresque
801 1239 903 1308 hilari
921 1240 1023 1307 discit
1040 1240 1250 1328 conquirere
1270 1241 1382 1322 vultu,

523 1411 643 1478 Donec
660 1426 693 1476 et
710 1409 786 1499 ipsa
803 1409 879 1477 foro
897 1409 1087 1477 dominum
1109 1409 1242 1477 lucrata
1261 1409 1402 1477 recedit.

523 1579 619 1646 Proh
640 1578 776 1646 scelus!
797 1577 946 1646 asseruit
962 1596 1035 1645 toto
1056 1601 1162 1667 quem
1181 1577 1353 1668 sanguine
1372 1577 1554 1658 Christus,

523 1748 622 1815 blerx
640 1748 748 1814 bomo
765 1765 924 1815 mutatur
940 1747 1063 1836 paucis
1084 1746 1258 1814 vilissima
1276 1747 1450 1828 nummis,

524 1918 598 1984 Nec
616 1915 710 1983 subit
734 1917 776 1983 ad
799 1937 944 2005 superas
961 1916 1119 1983 attollere
1140 1915 1277 1983 lumina
1295 1917 1407 1998 sedes,

523 2087 618 2153 Dum
634 2085 800 2152 tenebrae
817 2083 976 2153 officiunt
993 2102 1026 2152 et
1047 2084 1282 2152 ineluctabilis
1300 2107 1408 2152 error.

522 2257 647 2322 Cetera
663 2253 750 2342 quid
768 2253 916 2321 referam
935 2270 1027 2320 casta
1046 2253 1251 2343 indignante
1269 2253 1426 2322 Camena
1446 2255 1456 2320 ἓ

524 2423 736 2491 Ludibrium
753 2423 889 2491 domini
910 2423 1092 2512 sanctique
1111 2422 1231 2512 ignara
1251 2423 1399 2512 pudoris

521 2590 741 2660 Concubitus
762 2592 892 2681 patitur
912 2590 1026 2658 venali
1045 2612 1192 2680 corpore
1210 2590 1330 2658 foedos

520 2760 773 2849 Permutatque
792 2782 905 2827 mares
922 2759 1028 2827 alieni
1051 2758 1182 2827 femina
1201 2759 1289 2826 iuris

520 2929 697 2996 Pallentes
715 2951 855 3012 vernas,
877 2929 995 2995 bostes
1016 2928 1171 3018 paritura
1190 2950 1352 3011 suorum,

519 3100 594 3166 Nec
611 3099 750 3165 tumulo
768 3097 964 3186 quidquam
984 3097 1131 3165 ulterius
1149 3115 1308 3187 speratve
1325 3097 1480 3164 timetve.

517 3265 642 3354 Quam
662 3283 779 3334 tamen
799 3265 940 3335 illarum
959 3283 1018 3334 tua
1039 3288 1114 3333 sors
1134 3267 1247 3352 magis
1265 3265 1428 3355 improba
1447 3281 1552 3348 sorte,

518 3435 676 3502 Mascula
694 3434 895 3524 progenies,
915 3435 1075 3502 nondum
1095 3435 1312 3524 pubentibus
1329 3434 1446 3518 annis,

517 3603 754 3692 Obscenoque
773 3605 903 3692 probro
922 3621 954 3670 et
973 3604 1091 3670 veneri
1113 3604 1238 3690 devota
1257 3603 1451 3672 nefandae!

516 3772 614 3838 Tum
632 3771 751 3860 puetis
770 3788 806 3838 ut
824 3772 922 3839 adest
939 3771 1057 3838 lustris
1076 3771 1276 3838 labentibus
1293 3789 1401 3854 aetas,

518 3940 587 4006 Hic
607 3938 782 4006 thalamos
801 3956 834 4006 et
852 3939 924 4006 beri
947 3958 1077 4006 secreta
1095 3939 1226 4007 cubilia
1244 3957 1359 4007 servat

517 4106 697 4195 Semivir3
716 4125 851 4175 exercet
869 4107 988 4175 rastris
1007 4108 1064 4174 ille
1081 4131 1163 4175 arva
1184 4109 1333 4176 colonus

517 4276 674 4358 Credita,
696 4293 728 4344 et
745 4276 887 4343 assiduo
904 4276 1026 4366 glebae
1044 4279 1172 4344 sudore
1194 4278 1376 4368 rigantur3

519 4447 593 4514 Nec
611 4444 709 4535 prius
726 4445 874 4513 emerito
892 4445 941 4512 las
960 4445 1144 4536 indulgere
1162 4447 1286 4535 quieti,

517 4614 672 4705 Spiritus
692 4614 884 4682 antediem
904 4615 1012 4682 lassos
1030 4639 1136 4704 quam
1158 4617 1288 4684 deserit
1305 4635 1412 4684 artus.
