3936 5578
496 507 559 570 214
1039 507 1133 550 ,ttt'sa

581 681 702 748 Ardua
720 681 875 770 suscipio
894 707 902 746 ε
922 699 987 747 stat
1006 681 1132 747 llartia
1151 681 1268 747 dicere
1289 678 1394 758 bella,

628 851 906 938 Fulmineasque
921 851 1013 917 acies
1031 849 1376 939 magnanimumque
1392 849 1532 915 ducem.

589 1020 659 1086 Fac
676 1041 846 1086 concussa
863 1037 989 1086 sonent
1010 1019 1139 1087 nostris
1158 1019 1191 1085 in
1210 1017 1372 1084 versibus
1389 1039 1499 1095 arma,

629 1189 791 1277 Increpet
807 1189 956 1255 audaces
974 1189 1122 1255 buccina
1141 1210 1246 1254 rauca
1272 1187 1377 1254 viros.
1395 1213 1414 1250 »

583 1357 816 1428 Clamabam:
841 1359 968 1424 lasciva
986 1379 1093 1424 sonos
1114 1357 1203 1424 mibi
1222 1355 1354 1424 rettulit
1373 1356 1498 1424 Echo:

629 1526 818 1616 Diripuere
835 1528 928 1594 leves
947 1527 1043 1594 irrita
1062 1545 1141 1593 vota
1161 1526 1261 1594 Noti.

584 1695 644 1763 Nil
664 1717 719 1762 me
740 1695 914 1784 Calliope,
935 1695 983 1762 nil
1001 1718 1184 1787 respexere
1206 1717 1370 1767 sorores:

629 1865 796 1932 Destituit
813 1883 970 1932 nostram
988 1865 1138 1933 Castalis
1157 1866 1250 1931 unda
1269 1864 1378 1931 sitim.

584 2033 753 2100 Materiae
772 2036 917 2101 deerant
934 2034 1024 2101 bene
1042 2033 1290 2101 convenientia
1312 2032 1431 2114 verba,

628 2206 700 2269 Aut
719 2203 878 2270 numeris
895 2204 1041 2271 aderant
1059 2225 1129 2270 non
1148 2204 1231 2270 satis
1249 2221 1329 2292 apta
1351 2201 1440 2269 suis.

585 2369 654 2437 Per
671 2371 825 2438 salebras
842 2371 915 2438 ibat
933 2393 1074 2438 carmen
1095 2372 1194 2454 rude,
1213 2394 1336 2439 versus
1353 2389 1387 2438 et
1403 2369 1522 2436 omnis

628 2539 691 2605 Vel
711 2540 901 2629 languebat
919 2539 1026 2622 iners,
1046 2541 1099 2606 vel
1118 2541 1207 2629 pede
1224 2541 1372 2606 claudus
1389 2557 1474 2606 erat.

584 2707 689 2794 Quae
707 2730 769 2774 vos
785 2726 879 2776 tanta
896 2726 991 2776 tenet
1007 2709 1111 2776 vestri
1132 2709 1272 2792 fiducia,
1294 2710 1434 2786 llusae,

631 2877 680 2945 Ut
697 2876 860 2966 precibus
878 2877 967 2945 tlecti
987 2879 1093 2945 corda
1113 2878 1266 2967 superba
1285 2879 1440 2968 negent?

584 3049 639 3112 An
659 3046 755 3133 quia,
774 3046 986 3114 numinibus
1000 3069 1110 3136 quum
1127 3047 1356 3137 implevimus
1371 3047 1493 3114 omnia
1513 3064 1621 3124 vateS,

629 3214 701 3279 Vos
719 3215 850 3303 placuit
869 3216 976 3282 Divas
996 3235 1028 3283 et
1046 3237 1161 3302 genus
1178 3239 1252 3282 esse
1275 3215 1396 3283 lovis?

586 3382 747 3452 Urbibus
765 3383 799 3450 in
820 3384 945 3451 mediis
962 3384 989 3450 si
1009 3385 1131 3452 saltem
1154 3385 1247 3474 regia
1266 3385 1367 3452 vobis

628 3553 736 3618 Tecta
756 3551 882 3633 forent,
900 3553 999 3620 dives
1018 3553 1137 3642 qualia
1160 3555 1277 3620 Pallas
1295 3555 1423 3640 babet;

585 3719 623 3790 Si
641 3720 751 3809 Tyrio
769 3721 870 3789 detur
885 3722 1109 3790 discumbere
1130 3722 1284 3790 molliter
1300 3741 1409 3806 ostr0,

628 3893 746 3956 Aurea
767 3890 793 3956 si
813 3891 906 3957 dulci
925 3909 1062 3959 nectare
1081 3913 1203 3958 mensa
1222 3893 1330 3978 lluat;

586 4058 644 4124 Me
663 4058 775 4125 levius
793 4082 909 4126 mores
927 4060 1065 4127 laedant
1082 4061 1272 4149 vultusque
1294 4060 1452 4149 superbi,

629 4225 733 4314 Quos
750 4227 837 4294 nihil
860 4228 980 4295 affecta
999 4247 1081 4296 tunc
1099 4250 1168 4315 ego
1188 4247 1305 4295 meme
1323 4228 1446 4296 feram.

586 4393 655 4464 Sed
674 4394 787 4461 colitis
804 4396 911 4479 solos,
933 4397 1082 4486 agrestia
1101 4396 1261 4479 numina,
1284 4397 1405 4478 saltuS,

631 4564 704 4631 Nec
722 4563 855 4631 formae
873 4565 1032 4633 studium
1050 4585 1101 4633 est
1119 4584 1190 4633 arte
1209 4588 1338 4633 novare
1360 4568 1479 4634 decus.
