3936 5578
843 524 867 566 lll
873 524 893 567 ll
900 523 937 566 sn

392 703 505 765 Antra
524 701 647 764 Larem
667 696 848 785 praebent,
871 696 1020 785 vilisque
1037 695 1167 763 cubilia
1185 717 1344 775 muscus,

437 865 586 954 Quique
604 866 700 955 gregi
720 865 820 932 vobis
839 865 971 952 proluit
991 888 1050 932 ora
1073 865 1171 932 latex.

395 1034 517 1125 Regali
534 1034 693 1125 graditur
710 1036 853 1123 quando
875 1057 936 1124 per
957 1033 1092 1123 pulpita
1111 1056 1255 1123 pompa,

439 1204 667 1292 Melpomene
686 1203 776 1270 risus
794 1202 922 1270 excutit
943 1226 1054 1290 usque
1073 1225 1179 1270 meos.

393 1371 536 1441 Grande
554 1390 670 1454 sonat,
685 1389 938 1461 sceptrumque
955 1389 1068 1452 tenet3
1086 1372 1250 1440 diadema
1268 1374 1328 1440 sed
1348 1372 1432 1440 olim

439 1541 653 1629 Sceptraque
672 1541 700 1608 si
721 1541 861 1622 vendat,
882 1540 936 1607 vix
955 1541 1045 1607 levet
1063 1541 1145 1608 inde
1165 1541 1310 1608 samem.

392 1714 528 1799 Aspera
545 1731 658 1798 quum
678 1709 784 1776 Pindi
804 1709 968 1775 dominas
988 1711 1145 1776 Fortuna
1163 1709 1295 1799 fatiget,

438 1877 542 1966 Quae
560 1878 737 1944 famulum
761 1878 887 1967 vulgus
907 1879 1001 1945 dona
1021 1900 1163 1945 manere
1182 1881 1285 1946 rear?

393 2047 495 2115 Aeris
516 2047 620 2136 inops
642 2065 784 2114 tenuem
804 2046 978 2135 quaesivit
994 2046 1151 2114 carmine
1171 2046 1301 2114 victum

440 2215 662 2297 Maeonides7
681 2215 768 2282 sacri
788 2215 898 2304 gloria
917 2237 1057 2283 summa
1077 2215 1149 2305 iugi
1166 2240 1175 2295 3

395 2385 469 2451 Nec
489 2384 637 2451 meliora
655 2384 733 2452 exin
755 2383 929 2451 fulserunt
951 2383 1089 2451 vatibus
1106 2403 1212 2463 astra,

441 2553 535 2622 Cura
554 2555 643 2620 adeo
661 2553 788 2620 frustra
809 2552 963 2620 dicimur
980 2575 1054 2619 esse
1077 2553 1205 2620 Deum.

395 2722 488 2790 Novi
507 2721 678 2810 aliquem,
699 2720 800 2787 vobis
816 2720 876 2809 qui
899 2721 986 2788 dum
1004 2743 1040 2787 se
1058 2719 1235 2787 addixerat
1256 2741 1392 2800 amens

438 2889 629 2960 Consuluit
647 2890 752 2957 rebus
770 2889 915 2979 segnius·
934 2888 1008 2977 ipse
1029 2888 1114 2956 suis.

395 3059 501 3125 Nunc
518 3081 645 3125 census
662 3081 702 3125 ex
721 3080 793 3146 quo
812 3057 913 3148 fregit
932 3059 1022 3124 male
1041 3079 1147 3124 sanus
1168 3057 1293 3135 avitos,

439 3227 565 3295 Ieiuno
587 3229 701 3316 lapsas
721 3246 839 3294 ventre
860 3227 1006 3315 requirit
1025 3250 1123 3316 opes,

397 3397 596 3484 Uxorisque
614 3396 723 3463 miser
740 3395 842 3462 sentit
862 3395 1020 3462 convicia
1040 3417 1187 3484 parcae:

439 3565 595 3630 Devovet
613 3564 697 3630 haec
719 3563 814 3631 Diris
833 3585 964 3652 vosque
985 3563 1173 3652 virumque
1195 3562 1315 3630 simul.

396 3734 535 3822 Nempe
557 3734 620 3800 hac
639 3733 818 3823 ingratum
840 3732 986 3800 subeam
1004 3733 1165 3799 mercede
1185 3732 1356 3813 laborem,

440 3903 488 3970 Ut
508 3901 616 3968 sterili
635 3902 734 3968 lauro
752 3919 911 3990 tempora
935 3901 1048 3968 vincta
1068 3903 1215 3991 geram?

397 4070 446 4138 Ut
459 4069 621 4159 Stygium
638 4069 852 4137 Porthmeus
868 4092 980 4158 quum
1001 4092 1056 4135 me
1075 4069 1306 4137 transvexerit
1322 4091 1479 4151 amnem,

442 4238 510 4305 Per
525 4255 645 4304 coetus
665 4237 849 4304 hominum
871 4260 999 4304 nomen
1024 4237 1129 4304 inane
1148 4237 1267 4305 ferar?

394 4411 440 4472 At
461 4405 546 4471 milii
569 4428 638 4472 non
662 4406 828 4488 Helicon,
849 4406 996 4472 umbrae
1017 4428 1085 4473 non
1105 4405 1214 4495 gloria
1237 4405 1337 4485 tanti,

440 4574 488 4643 Ut
507 4573 612 4640 libeat
630 4597 732 4640 servo
751 4596 819 4640 non
844 4575 1024 4641 toleranda
1044 4574 1127 4662 pati.
