3972 5654
478 520 541 582 2η
774 523 891 564 mast!
916 523 1073 566 ῐὶΪΧΕῌΜΒ
1098 524 1358 567 eeefifiatxattu

523 695 688 782 Denique
708 713 841 761 secreto
857 694 984 764 Seram
1003 697 1092 761 locat
1109 703 1215 764 Anna
1232 697 1357 764 cubiti.

566 861 677 948 Quod
696 862 809 930 suerat
828 865 936 930 nuiiis
952 865 1091 932 exitiale
1110 865 1219 934 viris:

526 1037 759 1120 ingentesque
778 1033 856 1098 licet
873 1056 978 1099 curae
995 1033 1063 1099 sub
1082 1035 1188 1100 corde
1209 1055 1403 1105 recursem.

572 1201 677 1267 Hanc
693 1201 814 1267 animo
831 1205 956 1268 suadet
977 1226 1048 1268 non
1067 1204 1190 1269 minus
1209 1226 1285 1270 esse
1302 1204 1410 1270 bono.

526 1368 620 1456 lpse.‚
640 1368 699 1434 ubi
720 1369 930 1436 iamdudum
947 1393 1082 1438 cessere
1098 1374 1305 1460 crepuscula
1324 1373 1432 1440 nocti.

572 1537 757 1627 Ingredior
773 1541 949 1605 thalamos
964 1542 1069 1606 corde
1087 1541 1239 1608 micante
1257 1563 1379 1608 noros.

527 1699 745 1794 Linquimur
764 1727 801 1774 ut
821 1707 900 1776 soli.
920 1709 1048 1775 misera
1065 1727 1115 1775 tot
1131 1729 1224 1777 sorte
1242 1733 1433 1798 procorum

571 1874 722 1942 Turbati
744 1877 944 1945 tremimus.
962 1879 1022 1943 sed
1046 1878 1159 1965 magis
1177 1879 1234 1944 illa
1252 1879 1384 1945 tremit.

529 2045 693 2113 Reticulo
713 2047 800 2112 mihi
820 2065 1033 2135 promuntur
1053 2048 1256 2136 praecordia
1273 2047 1393 2137 piscis,

573 2215 616 2281 Et
634 2214 759 2282 iecoris
776 2238 912 2304 prunae
930 2238 1011 2304 pars
1027 2216 1202 2282 adolenda
1220 2217 1335 2283 datur.

526 2383 630 2451 Talia
651 2405 733 2450 nam
752 2384 825 2450 fieri
847 2385 988 2471 sapiens
1007 2402 1230 2472 praeceperat
1250 2403 1329 2450 ante

577 2553 735 2620 Azarias.
754 2553 790 2619 in
812 2576 884 2640 quo
900 2575 1040 2619 summa
1060 2572 1197 2632 reposta
1216 2554 1314 2619 tides.

529 2722 560 2789 lt
578 2721 683 2788 nidor
699 2721 796 2788 tectis
813 2748 821 2787 :
840 2721 956 2788 valido
973 2721 1152 2788 suffintine
1169 2722 1281 2788 victus

569 2892 686 2980 Terga
703 2893 763 2957 dat
778 2909 811 2957 et
829 2890 994 2957 frendens
1015 2891 1200 2958 insidiator
1216 2891 1301 2957 abit.

528 3060 648 3132 Sensit
664 3059 779 3127 abisse
798 3083 912 3140 soror,
934 3082 1135 3151 magnoque
1152 3061 1266 3126 soluta
1285 3081 1415 3148 pavore

575 3230 742 3319 Ereptum
759 3231 887 3319 gaudet
903 3253 940 3296 se
957 3231 1063 3296 simul
1080 3252 1156 3296 esse
1173 3228 1328 3319 probro:

527 3424 548 3462 e
562 3397 713 3487 Simque
736 3399 810 3465 Deo
827 3415 954 3486 grates,
974 3398 1116 3486 inquit:
1137 3420 1207 3464 non
1226 3397 1365 3464 servula
1386 3415 1520 3486 pestem

574 3593 594 3630 «
609 3568 669 3635 Me
686 3568 830 3656 posthac
847 3566 938 3633 dicet
956 3563 1220 3656 perniciemque
1239 3566 1367 3632 virum.
1383 3594 1403 3628 »
1422 3571 1433 3609 ¹

530 3741 623 3808 Dum
643 3761 725 3806 vero
743 3737 905 3827 precibus
920 3736 1032 3803 noctis
1051 3736 1297 3803 consumimus
1318 3737 1434 3816 horas

575 3911 656 3977 Huc
678 3908 760 3974 illuc
778 3929 938 3975 socerum
957 3929 1108 3996 spesque
1126 3905 1303 3994 timorque
1319 3905 1475 3973 trahunt.

526 4078 646 4146 Vincit
666 4079 710 4145 ad
730 4096 927 4145 extremum
945 4094 1073 4158 metus,
1091 4093 1124 4142 et
1141 4096 1271 4164 genero
1290 4074 1346 4141 ille
1365 4073 1493 4142 recenti

574 4247 755 4318 Sollicitus
774 4244 927 4313 nimium
947 4245 1035 4312 iusta
1057 4266 1222 4333 suprema
1242 4261 1349 4333 parat.

589 4603 597 4636 ¹
623 4603 730 4657 Confer
741 4602 817 4656 Tob'
834 4601 883 4666 ΙΙΙ,
899 4619 916 4672 p
930 4613 957 4655 et
973 4617 1032 4669 seq.
