3972 5654
649 1109 900 1224 DOLUS
941 1114 1170 1224 lNANlS

391 1999 542 2068 Consita
559 2022 629 2088 qua
647 1999 734 2089 ripis
751 2019 883 2091 spectat
900 2003 1017 2071 vineta
1040 2005 1259 2088 Lemannus,

431 2169 597 2240 Vertebat
614 2170 725 2260 patria
746 2171 884 2240 villicus
902 2190 974 2240 arte
991 2173 1118 2241 solum.

392 2339 490 2407 Huic
508 2356 646 2407 assueta
664 2339 730 2407 fuit
747 2340 827 2431 plus
845 2364 958 2430 aequo
976 2341 1097 2410 litibus
1115 2364 1215 2424 uxor,

435 2507 632 2593 Omnibus,
651 2508 687 2576 in
707 2509 832 2599 primis
853 2510 961 2599 pestis
978 2510 1102 2579 acerba
1119 2511 1206 2579 viro.

386 2676 511 2764 Quem
530 2676 668 2766 quoties
689 2695 829 2745 revocat
844 2677 979 2768 campis
996 2679 1062 2747 sub
1077 2701 1222 2770 vespere
1240 2702 1362 2764 coena,

434 2844 685 2935 Corrumpunt
701 2846 835 2936 positos
853 2845 967 2936 iurgia
984 2846 1105 2915 crebra
1121 2846 1219 2915 cibos
1234 2870 1243 2936 3

389 3019 510 3103 Atque
528 3014 589 3082 ubi
608 3014 809 3104 composuit
826 3016 916 3083 male
936 3013 1056 3083 iuncto
1072 3016 1235 3084 membra
1252 3016 1374 3100 cubili,

436 3182 597 3273 Eripirur
612 3182 703 3251 fesso
721 3202 819 3273 parta
837 3182 955 3252 labore
972 3183 1084 3272 quies.

394 3351 473 3435 lue,
491 3368 530 3420 ut
547 3369 621 3420 erat
637 3351 732 3441 pacis
750 3351 930 3421 studiosus
950 3370 984 3420 et
1004 3351 1122 3421 indole
1142 3353 1251 3434 mitis,

435 3521 549 3589 Multa
566 3521 626 3588 diu
643 3521 781 3611 patiens
797 3542 867 3588 non
884 3521 1066 3589 toleranda
1083 3522 1173 3590 tulit.

388 3691 518 3779 Quum
540 3707 656 3758 tamen
676 3689 769 3757 haud
787 3689 931 3779 capium
949 3690 1042 3758 rixae
1060 3709 1092 3758 et
1109 3688 1266 3758 convicia
1285 3691 1405 3771 finem,

435 3861 542 3927 Tecta
563 3881 625 3926 sua
643 3880 789 3926 exosum
809 3858 876 3926 fida
893 3858 1026 3949 popina
1046 3858 1161 3927 trahit.

392 4027 463 4096 Hic
479 4027 611 4096 misero
629 4027 663 4094 in
682 4049 796 4096 seram
815 4027 975 4096 tractanti
995 4027 1121 4116 pocula
1138 4045 1276 4095 noctem

435 4195 597 4264 Diluitur
614 4196 710 4287 largo
727 4219 811 4264 cura
828 4197 976 4264 molesta
996 4217 1120 4284 mero;

391 4365 647 4434 Immemorem
666 4365 718 4434 vel
737 4365 765 4432 si
784 4387 855 4433 non
876 4388 929 4433 res
949 4363 1033 4432 sinit
1050 4386 1123 4432 esse
1142 4365 1333 4448 malorum,

432 4533 662 4625 Xanthippen
682 4551 756 4602 tuto
774 4535 925 4603 devovet
945 4556 1056 4622 usque
1074 4555 1186 4602 suam.
