3942 5592
487 529 545 595 168
895 547 999 592 ruoas
1024 547 1248 592 uncuaaasus

527 721 763 810 Deiectusque
780 721 867 789 alter
888 721 977 789 solio
995 720 1061 788 sub
1083 721 1167 789 llore
1186 720 1349 788 iuventae

526 889 676 960 Crudeli
694 891 884 958 commissa
903 889 968 956 luit
987 888 1141 979 periuria
1160 889 1228 957 leto
1247 891 1257 956 ἓ

526 1059 579 1126 Te
596 1081 738 1148 quoque
759 1058 937 1148 nequitiae
956 1080 1066 1148 puero
1084 1058 1297 1147 scelerisque
1314 1057 1537 1148 magistrum,

530 1225 650 1317 Lysia,
668 1225 774 1292 simili
795 1247 865 1292 non
885 1248 959 1293 sors
977 1224 1146 1293 disiunxit
1164 1226 1311 1292 alumno
1332 1231 1350 1292 ¹.

574 1397 704 1464 Nostra
721 1416 788 1484 ope
805 1393 944 1462 coelesti
964 1395 1109 1482 quando
1127 1416 1207 1482 spes
1225 1395 1355 1482 pendet
1372 1394 1417 1460 ab
1434 1415 1517 1473 una,

532 1563 669 1632 Parcite
686 1586 793 1652 quarn
812 1563 913 1630 multi
935 1562 1109 1630 contraria
1129 1579 1240 1630 castra
1257 1580 1454 1650 sequantur

531 1732 737 1801 Percontari
755 1759 762 1799 :
783 1731 893 1800 animi
910 1750 960 1799 est
978 1735 1114 1800 hostem
1134 1753 1322 1799 numerare
1347 1731 1477 1820 pusilli.

531 1904 611 1971 Hoc
629 1919 680 1969 sat
693 1920 819 1968 nosse:
844 1900 944 1991 Syris
960 1902 1083 1968 ductor
1105 1901 1252 1968 Macedo
1270 1900 1328 1968 ille
1346 1901 1535 1989 superbus,

530 2072 696 2139 Vendere
717 2070 777 2160 qui
799 2071 885 2138 dunt
904 2092 969 2137 nos
989 2069 1047 2136 vili
1067 2093 1131 2159 pro
1152 2092 1266 2138 merce
1285 2069 1442 2160 parabat.

529 2241 646 2330 Terga
664 2238 760 2308 dedit
777 2238 877 2306 foede
896 2237 1025 2306 nostris
1042 2237 1213 2306 contritus
1230 2239 1273 2307 ab
1292 2238 1400 2307 armis
1418 2247 1440 2307 ².

532 2408 718 2498 Depositas
738 2425 856 2475 sancta
873 2407 901 2473 si
921 2407 1152 2496 praedaturus
1171 2407 1203 2475 in
1224 2408 1309 2474 aede

533 2577 753 2647 Heliodorus
770 2599 869 2666 opes,
891 2576 1005 2644 letalia
1025 2577 1170 2644 verbera
1188 2599 1311 2665 passus

532 2746 763 2835 Supplicibus
781 2762 920 2812 tantum
937 2761 988 2812 est
1005 2744 1108 2812 donis
1125 2768 1144 2812 a
1161 2763 1274 2812 morte
1292 2747 1458 2814 reductus
1476 2751 1501 2824 ³,

534 2914 637 3002 Quas
657 2913 734 2994 tibi,
757 2912 926 2996 Nicanor,
949 2935 1082 3002 poenas
1101 2913 1242 2996 instare,
1261 2932 1435 3002 proterve,

531 3081 712 3154 Credibile
731 3099 794 3164 est,
814 3083 932 3171 ipsum
949 3081 1051 3149 dictis
1070 3081 1240 3150 incessere
1258 3104 1392 3150 nurnen

533 3252 616 3320 Non
635 3249 759 3333 vetito,
778 3268 810 3317 et
827 3249 919 3340 turpi
939 3250 1080 3317 cuidam
1098 3268 1309 3340 postponere
1328 3252 1465 3318 Baccho
1485 3252 1496 3317 Β

532 3419 602 3491 Sed
621 3419 707 3509 quid
724 3441 788 3508 ego
805 3423 890 3487 haec
909 3437 1063 3486 vestrum
1085 3420 1172 3488 nulli
1192 3442 1261 3487 aon
1283 3438 1363 3487 nota
1382 3420 1536 3502 revolv0,

531 3588 666 3660 Omina
684 3587 712 3654 si
736 3587 838 3655 nobis
856 3590 1030 3677 spondent
1047 3588 1213 3678 propiora
1232 3589 1407 3656 salutem?

533 3756 625 3825 Mira
643 3757 768 3846 loquar
788 3758 849 3823 sed
871 3778 950 3824 vera
969 3782 976 3822 ε
996 3757 1134 3823 animos
1151 3755 1320 3824 advertite
1338 3756 1429 3824 laeti.

532 3925 639 3993 Mane
660 3946 752 3992 novo
769 3947 875 4014 sopor
893 3941 929 3992 ut
946 3926 1054 3992 lassos
1072 3925 1163 3992 mihi
1180 3925 1336 3992 vinxerat
1357 3944 1465 4008 artus,

533 4095 748 4162 Pontificum
770 4094 834 4162 flos
853 4093 887 4162 in
910 4093 1045 4160 somnis
1062 4111 1112 4160 est
1131 4094 1225 4161 visus
1242 4093 1368 4176 Onias‚

531 4266 624 4331 Ante
641 4285 754 4330 annos
775 4263 918 4352 qualern
937 4261 1084 4329 memini
1105 4285 1159 4329 rne
1176 4285 1319 4331 cernere
1336 4263 1459 4345 denos,

593 4617 602 4649 ¹
623 4618 755 4672 lllachab.
774 4617 793 4672 l.
810 4636 835 4688 7,
850 4635 864 4672 2
879 4629 906 4672 et
919 4633 978 4686 seq.
995 4649 1026 4655 --
1054 4617 1064 4648 ²
1086 4617 1121 4672 ll.
1140 4621 1166 4674 8.
1186 4635 1210 4671 rr
1229 4629 1256 4672 et
1270 4635 1312 4687 24.
1329 4650 1360 4657 —
1375 4619 1386 4650 ³
1403 4619 1437 4672 ll.
1454 4620 1479 4684 3,
1497 4621 1529 4674 23
1545 4632 1572 4674 et
1591 4636 1653 4690 seq.
