3970 5580
753 533 799 578 AD
821 533 962 579 PROCUlll
984 533 1108 578 SATlRA

345 709 619 795 Praetentatque
641 707 736 774 viam
756 707 931 795 libratque
950 706 1043 774 baud
1067 703 1183 773 nescia
1200 725 1342 795 corpus.

344 877 462 944 Prona
485 876 634 944 haerens
651 875 783 965 duplici
802 875 930 965 capulo
946 875 1168 965 genibusque
1189 890 1348 942 coruscat

342 1046 561 1133 Alternaque
579 1061 698 1112 movet
717 1063 901 1133 versatque
922 1043 1111 1111 manubria
1130 1043 1235 1121 calce,

343 1214 616 1304 Impulsumque
633 1235 733 1280 axem
753 1230 963 1302 properante
981 1210 1165 1279 volumine
1182 1227 1334 1300 torquet,

344 1386 462 1471 Atque
477 1381 560 1472 fuga
578 1381 694 1450 crines
713 1399 805 1450 retro
820 1381 880 1449 dat
900 1403 1063 1471 spargere
1083 1380 1216 1463 ventis3

341 1552 439 1619 Tum
458 1549 591 1619 rabidis
610 1573 672 1640 per
693 1573 773 1618 rura
791 1573 896 1618 canes
914 1549 1098 1618 latratibus
1117 1550 1256 1616 instant.

343 1719 507 1788 Praemia
528 1719 555 1787 si
577 1720 691 1788 stadio
710 1742 835 1809 ponas,
855 1741 925 1787 non
946 1720 1035 1787 hanc
1053 1719 1216 1788 Atalante

346 1892 562 1974 Praetereat,
583 1911 653 1957 non
675 1888 905 1979 Hippodame
924 1911 1039 1977 neque
1057 1889 1182 1955 Volsca
1203 1886 1368 1958 Camilla.

344 2058 415 2128 Cui
436 2081 561 2126 cursus
583 2080 693 2126 voveo
711 2057 829 2125 faciles
851 2057 1039 2145 nullosque
1058 2079 1232 2125 recursus.

392 2228 500 2296 Nulla
518 2228 606 2295 adeo
627 2226 764 2317 plateis,
788 2226 864 2294 vico
885 2226 955 2293 iam
974 2227 1070 2293 nulla
1092 2225 1267 2315 frequenti

344 2396 592 2464 Porticibusve
611 2397 709 2464 fides.
731 2395 910 2464 Tribuent
927 2396 986 2462 sed
1004 2395 1093 2463 forte
1110 2396 1206 2484 quod
1223 2413 1324 2484 optas

346 2565 519 2634 Nocturni
540 2565 602 2633 tibi
624 2583 819 2633 conventus
837 2565 1037 2654 hilaresque
1055 2566 1215 2632 choreae.

344 2735 409 2804 Eia
427 2757 504 2826 age,
523 2735 713 2802 tendamus
730 2756 802 2822 quo
823 2756 887 2801 nos
906 2734 982 2802 litui
999 2758 1079 2802 aere
1096 2757 1226 2803 canoro

346 2903 389 2970 Et
404 2901 503 2970 vario
521 2901 673 2969 invitam
689 2902 918 2991 splendentes
933 2903 1058 2970 ordine
1080 2901 1212 2993 lychni.

345 3069 494 3138 Praevia
512 3069 647 3137 festivis
665 3069 832 3138 successit
851 3069 1006 3160 Cynthia
1024 3069 1135 3151 tectis,

342 3238 515 3329 Cynthia,
534 3239 770 3328 Terpsichore
788 3239 951 3328 proprias
967 3239 1023 3306 cui
1043 3239 1189 3306 tradidit
1205 3257 1308 3306 artes.

344 3407 472 3496 Aspice
496 3408 591 3475 nuda
610 3407 710 3474 sinus
730 3429 799 3496 qua
818 3428 853 3473 se
874 3407 1045 3497 vertigine
1067 3409 1214 3474 lllaenas

343 3574 587 3666 Circumagat,
606 3575 747 3664 cupidis
765 3573 931 3643 iuvenem
949 3576 1131 3665 complexa
1150 3575 1298 3644 lacertis.

342 3741 508 3810 Turbine
529 3761 627 3833 rapta
648 3745 763 3812 solum
784 3746 884 3812 nivea
904 3744 959 3811 vix
977 3743 1087 3834 tangit
1108 3745 1216 3822 aluta,

348 3912 430 3978 Huc
448 3910 531 3978 illuc
547 3911 697 3979 obversa
717 3938 723 3977 :
743 3913 862 3979 volant
879 3937 898 3979 a
917 3912 1044 3979 vertice
1062 3931 1165 3980 serta.

348 4079 422 4148 Nec
440 4079 560 4147 minus
582 4079 713 4148 interea
734 4079 884 4148 blandos
904 4079 994 4148 bibit
1011 4102 1095 4147 aute
1116 4103 1293 4164 susurros,

348 4249 540 4337 Nuptaque
560 4248 665 4315 verba
684 4247 799 4331 refert,
823 4249 892 4316 iam
914 4248 1052 4338 pridem
1070 4249 1178 4316 oblita
1198 4250 1354 4339 pudoris.

345 4417 549 4500 «Nullane,
568 4418 633 4501 ais,
652 4436 765 4486 mater
781 4436 954 4508 superest,
973 4442 1064 4507 quae
1083 4420 1146 4488 rite
1164 4420 1302 4510 puellae

345 4585 525 4676 Corripiat
543 4589 685 4655 mores?
702 4611 719 4654 r
740 4588 817 4656 lmo
835 4605 885 4656 est
903 4611 1027 4679 prope,
1046 4588 1073 4656 si
1094 4591 1201 4658 modo
1220 4608 1343 4673 mater,
