3936 5578
521 560 579 642 “fl
1036 578 1167 620 esreiea

515 752 577 818 llla
597 751 672 818 viro
688 751 861 820 arridens.
879 753 1024 838 paulum
1046 771 1083 818 ut
1100 775 1135 817 se
1157 769 1274 816 mente
1295 749 1449 837 recepit:

512 947 533 980 «ι
548 921 603 987 Ne
617 919 758 986 mirere.
781 920 911 1008 inquit.
932 919 1047 985 subita
1067 919 1216 1008 caligine
1233 939 1367 1006 septum

515 1089 679 1156 Destituit
696 1089 723 1154 si
744 1111 799 1154 me
821 1091 934 1161 ratio:
953 1109 1048 1158 tuus.
1069 1091 1204 1178 optime
1222 1111 1361 1178 regum.

514 1258 595 1324 Non
615 1256 736 1324 minus
756 1259 923 1324 attonitae
941 1258 1144 1345 perstrinxit
1163 1257 1299 1324 lumina
1318 1255 1448 1344 t'ngor.

512 1426 731 1496 Coelicolum
751 1450 857 1516 quam
877 1427 1015 1493 mortali
1035 1427 1101 1493 sub
1120 1427 1276 1516 imagine
1291 1427 1481 1514 quisquam

512 1595 559 1665 Se
579 1595 666 1662 mihi
686 1596 713 1662 si
732 1596 900 1663 obtulerit
918 1596 1024 1662 radiis
1045 1597 1193 1662 vallatus
1213 1615 1247 1661 et
1262 1597 1394 1662 aethra.

514 1765 595 1832 Non
618 1787 687 1835 me.
705 1783 797 1832 certa
819 1766 917 1835 tiles.
938 1787 1026 1832 vana
1046 1767 1115 1832 huc
1136 1765 1263 1831 tidueia
1281 1765 1381 1831 duxit

512 1932 680 2004 Securam
705 1934 823 2003 vetiti:
845 1935 986 2023 gravior
1003 1935 1062 2000 sed
1081 1957 1185 2000 causa
1208 1933 1346 2022 subegit

513 2104 620 2171 Haud
638 2121 872 2193 exspectatam
889 2124 948 2170 tua
965 2127 1170 2192 comparere
1189 2105 1255 2170 sub
1273 2126 1346 2170 ora.

510 2277 553 2340 At
572 2294 665 2338 nunc
683 2295 799 2361 parce,
818 2295 954 2362 precor,
976 2272 1202 2362 languentem
1222 2295 1344 2361 urgere
1363 2273 1548 2362 rogando:

510 2441 747 2510 Commodior
766 2443 833 2508 iam
855 2442 923 2508 iam
942 2442 1084 2508 dabitur
1104 2442 1331 2509 sermonibus
1349 2443 1450 2513 hora.

512 2611 709 2678 Decedente
727 2611 783 2677 die
802 2629 940 2678 nostrae
959 2612 1066 2677 modo
1084 2609 1213 2676 lercula
1231 2633 1362 2676 coenae

512 2779 594 2846 Non
613 2779 836 2868 asperneris:
855 2780 957 2867 quin,
976 2779 1003 2845 si
1023 2779 1115 2860 licet,
1135 2779 1282 2868 insuper
1301 2802 1365 2845 oro

509 2947 692 3037 Agagides
713 2970 756 3014 ne
778 2971 848 3015 non
867 2948 983 3037 epulis
1000 2948 1201 3037 genialibus
1219 2949 1320 3015 adsit.
1341 2975 1360 3010 »

511 3116 576 3184 Vix
594 3140 647 3200 ea,
665 3139 779 3206 quum
799 3117 867 3185 voti
886 3118 955 3184 iam
973 3140 1120 3206 compos
1142 3119 1267 3186 Edissa
1287 3117 1402 3207 parari

511 3285 662 3375 Hospite
680 3286 789 3372 digna
807 3309 872 3352 suo
893 3287 1002 3353 solers
1017 3287 1180 3353 convivia
1196 3305 1304 3353 curat.

509 3453 696 3543 Obsequio
711 3453 846 3522 servent
863 3457 989 3523 aedes:
1009 3458 1240 3543 volucresque
1259 3454 1422 3544 feraeque

509 3626 549 3690 ln
573 3625 726 3690 verubus
744 3624 850 3691 lectae
868 3623 1029 3706 strident,
1049 3647 1138 3712 quae
1161 3624 1320 3691 lancibus
1337 3623 1454 3691 aureis

512 3793 702 3881 lmpositae
721 3792 817 3859 vario
835 3810 992 3860 avertant
1012 3791 1151 3861 lastidia
1170 3815 1287 3865 succo,

509 3961 671 4050 Vinaque
692 3961 824 4029 caelato
841 3984 1011 4051 generosa
1031 3961 1193 4030 feruntur
1210 3962 1243 4028 in
1263 3984 1361 4028 auro.

510 4130 596 4197 Inde
618 4129 676 4197 ubi
700 4152 758 4197 rex
774 4131 927 4220 dapibus
946 4132 1064 4198 vultus
1081 4131 1222 4198 diffudit
1238 4131 1383 4220 opimis,

510 4299 731 4388 Incaluitque
751 4321 861 4382 mero,
881 4300 1037 4389 reginam
1059 4320 1183 4367 cuncta
1201 4300 1330 4389 prolati

510 4470 696 4548 Hortatur,
718 4490 808 4556 quae
827 4487 944 4535 mente
962 4486 1066 4557 tegat,
1085 4469 1295 4559 facilemque
1315 4471 1443 4559 petenti

509 4637 593 4708 Sese
615 4637 743 4704 iterum
762 4638 921 4726 spondet.
948 4639 1094 4720 Verum,
1114 4639 1246 4732 qpibus
1267 4641 1324 4708 ille
1342 4661 1495 4722 tenetur,
