3970 5580
732 483 779 556 ilo
805 513 965 558 ruvauan
992 513 1116 558 sarran

340 684 527 753 Ructeris:
547 684 689 753 cuidam
711 684 873 775 risusque
896 685 1061 775 iocosque
1081 687 1240 754 movebis

340 855 391 921 De
410 875 559 922 numero
575 877 584 942 ;
603 873 637 922 at
654 855 823 943 plaudent
840 855 950 937 stulti,
970 877 1061 944 quae
1080 855 1232 922 maxima
1252 855 1355 923 turba
1376 874 1438 923 est.

338 1023 410 1093 Sed
430 1023 514 1112 quia
532 1023 581 1090 nil
600 1023 705 1091 refert
721 1045 828 1113 parva
846 1024 1016 1092 duntaxat
1037 1024 1070 1091 in
1091 1025 1177 1092 urbe

339 1192 530 1260 Monstrari
552 1191 677 1284 digito,
699 1192 831 1282 patrios
847 1195 1095 1261 transcendere
1119 1216 1240 1261 muros

338 1367 455 1451 Atque
472 1362 583 1453 magis
601 1361 713 1453 magis
735 1363 769 1429 in
789 1362 940 1452 populos
958 1362 1052 1430 exire
1071 1362 1204 1431 labora.

340 1533 419 1600 lloc
436 1553 512 1622 age,
536 1554 599 1599 nec
617 1531 744 1599 desiste
762 1550 864 1599 tuum
882 1531 969 1620 quin
990 1532 1136 1620 impleat
1151 1554 1277 1599 omnes

340 1701 482 1767 Nomen
501 1699 748 1789 ephemeridas
769 1722 850 1767 vera
870 1717 903 1766 et
920 1701 1067 1767 conficta
1089 1718 1265 1768 canentes.
1361 1735 1367 1748 ·

341 1869 425 1936 lllae
442 1891 527 1958 ergo
543 1869 684 1936 assidue
701 1869 885 1936 cumulent
902 1885 933 1936 te
953 1868 1119 1937 laudibus
1139 1870 1279 1959 emptisq

339 2043 410 2106 Aut
427 2039 571 2127 culpent
588 2039 693 2107 etiarn
711 2064 718 2106 :
739 2039 852 2127 peius,
872 2036 960 2105 mibi
979 2038 1095 2120 crede,
1113 2038 1288 2106 tacebunt.

342 2207 626 2296 praesertimque
643 2229 725 2275 cave
744 2207 886 2296 propria
905 2229 949 2274 ne
966 2207 1068 2274 laude
1087 2225 1182 2274 tuam
1202 2207 1282 2296 quis

338 2375 516 2445 Obscuret
533 2375 678 2459 famam,
697 2375 893 2465 populique
914 2397 977 2466 per
993 2398 1053 2444 ora
1070 2375 1212 2443 seratur.

338 2545 423 2634 Qua
442 2546 577 2613 ratione
596 2545 629 2613 id
648 2567 742 2635 agas,
762 2546 963 2633 exemplum
983 2544 1146 2634 protinus
1163 2545 1305 2612 addam.

342 2715 524 2782 Ponamus
543 2713 695 2782 Fabium
715 2735 836 2782 versus
853 2713 1034 2802 scripsisse
1054 2712 1197 2790 latinos„

343 2883 425 2950 Non
444 2899 615 2950 renuente
635 2884 715 2962 deu,
734 2881 857 2971 quales
874 2903 938 2971 ego
955 2882 1108 2949 condere
1126 2881 1251 2949 vellem
1271 2908 1278 2948 :

343 3048 450 3115 Nulla
472 3047 568 3116 sitin
588 3065 673 3129 τοῖο,
695 3048 750 3115 cui
770 3049 929 3137 plaudas,
953 3048 1081 3139 pagina
1103 3049 1216 3117 libro:

340 3215 475 3308 Omnia
493 3238 608 3305 carpe,
628 3235 753 3300 artem,
775 3239 900 3284 sensus
917 3234 951 3284 et
970 3217 1119 3285 barbara
1142 3218 1256 3285 verba.

343 3387 471 3468 Iratus,
489 3405 547 3454 tua
565 3408 636 3474 quo
653 3403 855 3453 commenta
873 3386 1071 3475 redarguat,
1091 3403 1213 3452 auctor

344 3555 526 3622 Nasonem
544 3554 677 3637 forsan,
698 3554 876 3636 Flaccum,
896 3553 1041 3620 diumve
1060 3554 1247 3621 Maronem

341 3725 652 3806 Commemorans,
672 3724 783 3791 isdem
803 3723 1014 3790 monstrabit
1035 3723 1182 3790 vocibus
1200 3741 1299 3790 usos:

342 3892 525 3962 Continuo
543 3893 636 3960 hunc
654 3911 787 3960 veteres
804 3891 860 3960 dic
877 3893 1086 3982 compilasse
1104 3909 1235 3980 poetas.

347 4060 484 4129 Iudicio
501 4061 639 4129 accedet
656 4060 755 4128 Bavii
773 4083 886 4150 genus
905 4081 1016 4149 usque
1034 4077 1225 4148 superstes,

346 4229 389 4296 Et
405 4246 521 4296 tecum
542 4251 559 4296 e
579 4229 695 4296 medio
712 4229 858 4297 certabit
875 4228 1005 4317 pellere
1023 4245 1139 4294 vatem
1154 4251 1163 4308 ς

347 4399 394 4467 Ut
411 4397 438 4464 si
458 4420 565 4487 quern
583 4417 715 4466 temere
732 4399 868 4466 allatrat
888 4397 998 4474 canis,
1020 4396 1139 4464 omnis
1157 4396 1272 4463 eidem

342 4567 464 4635 Turba
481 4589 610 4635 canum
629 4567 741 4635 saevis
762 4567 891 4657 pariter
910 4566 1092 4634 latratibus
1111 4566 1225 4633 instat.
