3928 5580
562 380 598 440 18
1020 395 1114 440 ,uoss
1134 395 1272 440 piscius

553 571 731 658 Vastaque
748 567 902 636 curvatis
922 587 1095 658 spargunt
1113 568 1275 636 incendia
1291 569 1426 636 caudis.

556 740 685 829 lgneus
702 760 779 806 ecce
796 739 902 806 draco
920 737 1033 805 nubes
1051 755 1156 818 secat,
1176 739 1270 804 unde
1288 737 1448 805 relabens

554 910 718 991 Detonat‚
739 925 772 974 et
789 926 932 974 centum
951 906 1070 974 subito
1087 927 1279 974 conversus
1296 906 1330 972 in
1352 929 1488 992 angues

555 1077 760 1168 Flagrantes
777 1076 923 1144 totidem
943 1075 1056 1164 spiras
1069 1098 1132 1165 per
1150 1075 1270 1142 inania
1287 1074 1393 1143 ducit.

553 1248 685 1315 Verum
703 1245 763 1313 ubi
782 1246 931 1313 vulcano
953 1245 1022 1312 iam
1042 1245 1110 1312 iam
1133 1245 1317 1312 considere
1334 1245 1451 1312 lucum

554 1413 770 1493 Credideris,
789 1415 880 1482 cadit
901 1413 994 1504 ignis
1016 1414 1123 1494 iners,
1142 1430 1175 1480 et
1192 1437 1283 1501 quac
1302 1415 1409 1482 modo
1427 1413 1493 1480 late

556 1584 657 1651 Peste
674 1583 900 1664 tenebantur,
920 1583 1017 1650 vario
1040 1583 1121 1673 iuga
1141 1583 1227 1650 llore
1246 1582 1421 1650 renident.

555 1752 678 1820 illudit
697 1750 876 1842 fulgetque
895 1751 993 1819 brevi
1012 1753 1076 1818 llos
1093 1753 1245 1840 quisque
1264 1751 1376 1819 nitore

555 1922 667 1989 Nocte
687 1922 754 1989 sub
775 1921 947 2002 obscura3
969 1937 1044 1988 tum
1061 1921 1249 1988 dissultare
1268 1939 1411 2009 repente

552 2091 766 2179 Tollereque
785 2091 1002 2158 immensum
1025 2112 1128 2157 mons
1146 2089 1242 2156 visus
1259 2091 1301 2156 ad
1320 2107 1410 2157 astra
1427 2089 1628 2178 maniplurn

555 2259 783 2326 Fulminibus
803 2259 954 2327 iunctis:
974 2279 1188 2326 concussum
1206 2257 1370 2347 protinus
1386 2280 1486 2325 axem

554 2429 701 2517 Luxque
726 2428 913 2518 fragorque
940 2428 1097 2516 replent:
1120 2443 1155 2493 at
1181 2449 1262 2494 mox
1284 2427 1411 2494 iterum
1430 2426 1564 2514 ingruit
1581 2427 1719 2507 umbra,

554 2596 817 2685 Stellarumque
837 2597 931 2664 venit
950 2598 993 2664 de
1010 2596 1107 2664 coelo
1126 2596 1279 2664 discolor
1296 2595 1423 2678 imber,

595 2771 727 2835 Annua
748 2766 806 2834 sed
829 2767 977 2834 redeunt
993 2789 1104 2855 quum
1123 2765 1314 2833 saturnalia
1337 2767 1486 2848 Romae,

552 2935 844 3024 Lymphataeque
862 2934 978 3002 brevis
995 2936 1053 3002 dat
1071 2934 1164 3023 plebi
1183 2935 1337 3002 amentia
1355 2935 1462 3024 leges,

551 3103 734 3172 Continuo
755 3104 888 3191 plateae
910 3120 1043 3192 partem
1063 3126 1154 3192 quae
1171 3103 1332 3192 proxima
1351 3103 1427 3170 vico

551 3271 677 3340 Circus
697 3270 816 3354 habet,
835 3273 984 3339 celerem
1002 3271 1139 3339 discant
1156 3295 1227 3361 quo
1240 3271 1376 3339 flectere
1393 3293 1536 3340 cursum

551 3439 717 3506 Emensis
738 3440 840 3507 redae
861 3439 997 3529 spatiis,
1015 3459 1048 3507 et
1069 3439 1159 3508 inire
1179 3463 1357 3530 regressus

548 3607 702 3696 Agmine
722 3626 913 3696 perpetuo:
933 3608 1036 3675 tacito
1058 3627 1131 3676 rota
1149 3609 1283 3676 concita
1300 3627 1399 3676 motu

551 3776 631 3843 Alta
651 3775 865 3843 Dicarchaeo
883 3776 1029 3867 vestigia
1047 3777 1191 3867 pulvere
1207 3777 1322 3868 signat
1342 3784 1363 3843 ¹.

552 3942 647 4011 Hinc
664 3961 769 4033 atque
790 3945 872 4012 hinc
890 3947 971 4013 latet
988 3946 1120 4013 aulaeis
1137 3947 1279 4013 obtenta
1296 3946 1422 4014 theatri

549 4111 736 4180 Materies:
757 4135 902 4202 quoquo
924 4115 1138 4183 converteris
1156 4138 1229 4196 ora,
1248 4114 1409 4182 fenestris

656 4341 663 4372 ¹
688 4342 916 4396 Bacchanalium
942 4355 1072 4413 tempore
1086 4344 1130 4396 sia
1154 4345 1307 4415 praecipua
1322 4345 1359 4404 (il
1380 4345 1483 4407 Corso)
1496 4345 1588 4400 denso
1603 4346 1718 4415 pulvere

551 4463 729 4518 Dicarchaeo
746 4466 934 4536 (prrrrolnno)
950 4467 1088 4522 sternitur
1102 4467 1137 4520 ad
1154 4468 1398 4539 praepediendum
1411 4482 1539 4526 rotarum
1551 4470 1715 4542 strepitum.
