3970 5580
753 557 800 602 ΑΙ)
821 556 961 603 PROCUM
983 556 1108 602 sartan

341 731 466 814 «Scis,
489 731 617 820 inquit,
635 753 716 798 mea
733 731 805 814 lux,
824 730 903 798 aliis
936 748 972 798 ut
989 749 1022 798 te
1043 729 1141 798 omni
1161 731 1228 798 bus
1246 751 1355 799 unam

345 899 594 984 Praetulerim,
613 899 761 967 nubenti
780 916 817 967 ut
834 898 902 967 sim
919 917 1054 986 gratata
1073 899 1237 978 libenter,

343 1069 424 1158 lpsa
443 1067 537 1136 viros
554 1068 634 1135 licet
653 1086 757 1157 atque
775 1067 867 1136 laces
888 1091 992 1136 exosa
1009 1067 1168 1136 maritas.

344 1241 422 1306 Hoc
441 1238 553 1329 magis
572 1237 713 1305 indoleo
731 1239 827 1326 quod
845 1255 877 1306 te
899 1237 948 1305 nil
967 1238 1033 1306 tale
1051 1256 1246 1306 merentem

341 1408 405 1476 Vir
424 1408 539 1475 laedat
559 1407 662 1474 toties
679 1407 805 1474 alienis
822 1425 944 1496 captus
965 1406 1097 1474 ocellis.

342 1575 424 1645 Vidi
446 1593 584 1666 egomet
603 1598 772 1665 nuper....
795 1576 854 1644 sed
870 1575 957 1664 quid
977 1592 1009 1643 te
1027 1592 1177 1665 torqueo
1195 1575 1338 1656 frustra,

342 1745 470 1834 Quum
488 1743 598 1812 satius
615 1743 729 1813 suerat
745 1766 906 1813 securam
926 1745 1043 1813 vivere
1063 1743 1150 1812 sati?

343 1904 504 1972 Forsitan
523 1921 557 1972 et
573 1927 630 1972 me
648 1905 834 1973 oculorum
853 1905 945 1972 acies
961 1905 1086 1972 obtusa
1108 1903 1247 1992 fefellit;

341 2074 466 2163 Quare
485 2075 576 2165 linge
595 2074 685 2142 nihil
703 2076 756 2142 vel
776 2075 917 2142 somnia
940 2097 1029 2142 vana
1047 2075 1248 2142 locutam.»

342 2242 446 2331 Quae
466 2266 573 2334 super
591 2243 646 2310 his
664 2261 734 2311 tam
755 2245 847 2312 lenta
865 2262 904 2312 ut
922 2266 993 2312 non
1014 2244 1203 2312 excandeat
1221 2245 1336 2312 uxor?

342 2413 440 2480 Haec
458 2412 625 2480 miserant
646 2435 722 2480 sese
739 2413 880 2495 clamat,
900 2412 1007 2481 simul
1026 2413 1133 2481 instat
1151 2429 1184 2480 et
1201 2429 1303 2503 urget

343 2580 483 2648 Pellicis
501 2599 538 2647 ut
556 2602 700 2663 nomen,
719 2580 801 2648 dein
823 2581 947 2649 ordine
965 2581 1105 2670 singula
1123 2598 1255 2648 noscat.

341 2748 405 2816 Illa
421 2747 513 2831 silet,
534 2750 594 2816 sed
613 2749 744 2818 babent
761 2750 846 2817 baec
862 2751 937 2840 ipsa
958 2749 1097 2817 silentia
1119 2772 1269 2832 voeem3

341 2919 521 3007 Laetaque
538 2941 700 2987 successu
719 2919 885 2987 fraudum
904 2919 1065 3004 discedit,
1083 2919 1217 2986 amicae

342 3087 634 3176 Haudquaquam
654 3087 796 3155 tacitum
816 3087 982 3176 linquens
1002 3088 1069 3156 sub
1086 3106 1225 3177 pectore
1244 3089 1384 3156 vulnus.

386 3254 478 3326 Sunt
497 3255 573 3323 istis
591 3255 722 3324 leviora
739 3256 887 3345 quidem
903 3257 1042 3340 delicta,
1061 3257 1122 3324 sed
1140 3258 1232 3325 unde

344 3423 535 3494 Fermento
552 3425 764 3514 quandoque
786 3424 870 3493 viris
889 3424 986 3493 iecur
1003 3443 1138 3494 aestuat
1154 3425 1238 3494 acri.

342 3592 521 3660 Pallorem
540 3610 573 3660 et
588 3593 735 3684 graciles
754 3594 920 3680 generosi
937 3593 1122 3685 sanguinis
1147 3612 1243 3663 artus

342 3759 522 3828 Indicium
541 3761 688 3831 Caticna
710 3781 831 3852 putat3
851 3787 923 3853 quo
944 3763 992 3830 nil
1011 3764 1123 3852 magis
1144 3787 1294 3853 usquam

343 3928 541 4013 Formidat‚
560 3929 670 3996 nimia
685 3953 792 4019 quam
812 3953 855 3998 ne
874 3931 1093 4022 pinguedine
1110 3931 1224 3999 forma

342 4095 501 4181 Excidat,
521 4115 581 4165 aut
601 4098 737 4187 plebeia
754 4121 862 4189 genas
882 4099 949 4166 sibi
969 4122 1126 4190 purpura
1148 4099 1269 4190 tingat.

342 4264 429 4331 Inde
447 4264 545 4332 cibos
562 4287 705 4333 summo
726 4267 782 4334 vix
798 4266 908 4358 tangit
926 4268 1030 4336 dente
1047 4269 1218 4350 salubres,

343 4431 509 4500 Ficedula
526 4451 560 4501 et
577 4435 692 4522 pomis
709 4457 854 4503 mensae
871 4454 1034 4505 contenta
1052 4438 1239 4506 secundae.

341 4599 446 4688 Quae
464 4620 578 4670 tamen
600 4603 683 4671 binc
700 4607 873 4701 speranda
889 4607 1010 4697 seges?
1031 4609 1171 4695 Nempe
1190 4608 1274 4675 haec
1291 4607 1364 4676 fore
1382 4608 1469 4676 reris
