3928 5580
617 1207 737 1310 Vll-l
784 1206 1113 1313 FERRATA

326 2111 424 2180 Ferri
446 2111 608 2200 aerisque
630 2111 748 2201 rigens
769 2129 835 2179 stat
855 2130 1058 2179 monstrum
1078 2111 1234 2179 immane
1251 2111 1407 2186 metallo,

278 2282 390 2350 Terra
408 2299 442 2348 et
459 2281 620 2348 Vulcano
639 2299 794 2370 partum,
818 2303 908 2348 nova
926 2280 1039 2348 forma
1060 2281 1272 2350 Chimaerae

282 2451 310 2517 F
312 2450 420 2518 erreis
438 2449 523 2517 lulta
545 2449 643 2532 rotis,
662 2449 718 2516 cui
738 2468 910 2539 perpetuo
927 2449 1052 2518 ordine
1070 2468 1213 2517 centum

282 2619 398 2686 Vincti
416 2641 434 2685 a
453 2637 551 2708 tergo
573 2619 718 2685 haerent
736 2618 869 2708 ingenti
889 2620 1047 2707 pondere
1063 2641 1200 2687 currus.

281 2787 460 2856 Carnibus
479 2788 572 2855 haud
590 2788 769 2877 pecudum
789 2809 851 2854 nec
873 2788 989 2854 bellua
1008 2787 1163 2877 pascitur
1183 2788 1306 2870 herba,

281 2957 351 3027 Sed
370 2979 506 3046 prunae
523 2957 686 3024 ardentes
712 2955 853 3024 inlusus
870 2975 902 3023 et
921 2957 1037 3023 amnis
1056 2956 1217 3046 iniquam

284 3125 434 3214 Explent
452 3125 660 3216 ingluviem.
682 3126 814 3214 Magno
837 3125 891 3192 vix
909 3147 1056 3214 corpore
1077 3127 1186 3194 clausi

283 3295 431 3363 Insolito
448 3295 611 3363 adversas
630 3295 781 3385 iungunt
799 3317 838 3362 ex
856 3293 997 3362 foedere
1016 3295 1107 3363 vires

283 3462 381 3554 Ignis
398 3482 431 3531 et
451 3463 545 3531 unda
564 3461 671 3530 simul
690 3487 698 3539 ;
718 3479 795 3529 tunt
815 3463 938 3530 creber
957 3462 1136 3531 anhelitus
1155 3463 1249 3531 intus

280 3631 450 3716 Auditur,
468 3630 656 3720 surdisque
674 3629 766 3698 ferae
786 3629 895 3720 gemit
913 3630 1041 3699 ictibus
1059 3632 1172 3714 alvus,

280 3801 377 3867 Tum
396 3822 539 3889 quoque
558 3799 762 3886 nigrantem
781 3798 921 3866 fumum
942 3800 1139 3889 mixtasque
1158 3799 1293 3868 favillas

285 3971 472 4050 ljvomere,
491 3987 525 4036 et
541 3969 641 4035 tardo
660 3967 818 4056 primum
836 3967 1015 4036 discedere
1036 3986 1135 4036 motu
1151 3992 1161 4058 ;

281 4145 328 4209 At
343 4139 448 4208 citius
465 4137 640 4227 citiusque
657 4136 749 4222 fugit
770 4135 916 4203 stimulo
935 4137 1043 4205 excita
1061 4160 1176 4219 caeco,

281 4315 425 4396 Agmen
445 4329 552 4398 agens
568 4327 713 4374 currum
731 4331 737 4371 :
757 4303 821 4372 fert
840 4304 995 4394 impetus
1016 4305 1091 4396 ipse
1112 4326 1287 4394 ruentem,

281 4483 552 4567 Emensumque
570 4493 643 4543 atra
661 4474 814 4564 spatium
833 4473 983 4564 caligine
1005 4474 1131 4566 signat.

280 4651 414 4739 Cocyto
431 4647 553 4715 credas
571 4643 748 4734 Stygiisve
766 4641 957 4732 paludibus
974 4667 1128 4734 anguem
