3942 5592
705 597 808 641 lUDllS
833 597 1057 642 maculamus

340 768 528 858 Indulgere
544 767 632 835 cibis
651 768 751 836 miles
768 792 966 861 somnoque
986 787 1163 852 monetur,

343 939 396 1005 Ne
414 959 484 1005 non
506 938 700 1027 deprendat
718 938 857 1006 rediens
873 961 1000 1008 aurora
1019 959 1194 1030 paratum.

340 1105 456 1176 Officii
477 1123 594 1175 tamen
613 1107 686 1197 ipse
704 1108 758 1175 sui
778 1130 847 1176 non
869 1108 1059 1177 immemor
1078 1133 1227 1200 usquam

340 1275 546 1346 Castrorum
566 1275 740 1344 insomnis
758 1299 820 1366 per
838 1296 935 1345 muta
957 1277 1096 1346 silentia
1114 1301 1255 1368 gressus

340 1444 553 1513 Circumfert
569 1445 694 1513 ductor
710 1445 845 1529 tacitos,
866 1462 900 1514 et
921 1445 1062 1538 singula
1084 1449 1219 1530 lustrat,

341 1612 462 1684 Sicubi
481 1613 663 1682 commissi
680 1634 789 1682 cesset
805 1615 963 1683 custodia
983 1615 1077 1682 valli.

340 1786 522 1852 Accedunt
540 1784 701 1872 fidusque
720 1783 844 1854 Simon
865 1807 1014 1874 acerque
1035 1787 1200 1867 loannes,

340 1951 445 2041 Quos
467 1952 516 2019 illi
536 1952 687 2044 iungunt
703 1972 736 2020 et
756 1954 902 2040 sanguis
921 1972 955 2022 et
969 1956 1108 2022 aemula
1130 1954 1254 2038 virtus,

341 2121 584 2212 Germanique
603 2140 724 2212 tegunt
742 2123 843 2206 latus,
863 2145 901 2190 ac
921 2124 1087 2191 mandata
1105 2142 1307 2214 capessunt,

343 2291 411 2361 llic
432 2293 591 2359 dextrum
609 2293 752 2381 quando
769 2314 894 2372 cornu,
918 2293 1005 2382 regit
1024 2293 1080 2360 ille
1099 2291 1298 2360 sinistrum.
1363 2363 1366 2370 ,

387 2461 510 2529 Primo
528 2461 589 2528 ubi
607 2478 781 2529 terrarum
800 2462 1000 2529 rubuerunt
1017 2462 1128 2529 ardua
1147 2460 1232 2536 sole,

340 2635 485 2698 Arrecto
502 2629 684 2718 oppositos
702 2647 841 2697 servant
858 2631 945 2698 dum
964 2631 1099 2697 lumine
1117 2630 1235 2706 colles,

342 2798 511 2888 Obliquis
526 2816 661 2866 constat
677 2799 887 2867 descendere
905 2799 1054 2866 flexibus
1072 2799 1207 2867 hostem

341 2970 592 3058 Complentem
610 2990 753 3056 campos
770 2987 802 3036 et
820 2967 965 3058 pinguia
982 2969 1074 3037 culta
1092 2987 1277 3037 terentem.

343 3139 469 3206 Vivida
486 3138 689 3229 graiugenis
707 3138 803 3206 addit
822 3161 913 3204 nova
932 3139 1058 3206 robora
1078 3138 1203 3226 pubes,

342 3308 486 3378 Auxilio
503 3308 656 3376 externis
676 3330 785 3397 quam
803 3330 860 3375 rex
878 3307 1002 3375 accivit
1018 3307 1062 3375 ab
1083 3307 1155 3374 oris

345 3477 565 3547 Dissimilem
583 3476 683 3560 facie,
699 3478 794 3545 cultu
815 3495 848 3545 et
865 3476 1083 3567 fulgentibus
1101 3475 1221 3544 armis.

345 3647 491 3716 Discreti
511 3647 697 3715 ordinibus
715 3646 861 3728 vadunt,
880 3669 942 3713 sua
960 3645 1112 3733 quisque
1134 3663 1273 3712 secutus

345 3817 468 3908 Signa,
488 3833 631 3884 verutus
647 3816 776 3898 Arabs,
794 3814 969 3883 accinctus
989 3813 1130 3881 acinace
1150 3813 1257 3881 Persa

345 3987 582 4075 Assyriusque
599 3985 708 4066 ferox,
729 3984 906 4073 palmosae
923 3984 1036 4051 cultor
1058 3983 1216 4065 Idumes‚

346 4157 513 4244 Dumque
533 4153 638 4239 sugit,
658 4175 758 4220 verso
777 4152 930 4219 Parthus
950 4173 1021 4218 non
1040 4149 1182 4240 segnior
1199 4171 1294 4217 arcu.

344 4329 498 4394 Amento
517 4324 572 4391 his
589 4323 744 4391 iaculum
763 4344 842 4389 mos
864 4321 1066 4409 intorquere
1089 4321 1242 4398 volucre,

346 4495 518 4585 Spargere
538 4493 722 4560 vulnificas
737 4489 816 4559 aliis
834 4512 897 4580 per
916 4489 1034 4556 inania
1052 4487 1208 4578 glandes.

345 4661 542 4732 Aemoniae
562 4660 748 4742 sedenim,
767 4657 980 4726 densissima
1000 4656 1099 4738 silva,
1119 4655 1264 4722 sarissae
