3972 5654
502 546 564 611 258
800 565 915 610 roma
942 565 1098 611 ruuroars
1123 563 1381 610 raasoarnarro

549 740 627 828 lpse
652 756 701 806 tot
721 737 835 805 officio
853 737 970 806 senior
987 756 1118 805 certare
1135 738 1273 805 sodales

593 909 699 976 Nunc
719 908 881 990 miratur,
901 907 976 975 heri
995 907 1055 997 qui
1075 930 1184 997 prope
1205 907 1301 975 solus
1319 926 1403 975 erat.

509 1163 511 1167 Α
546 1078 746 1145 lnstaurare
764 1095 883 1144 tamen
905 1095 1003 1144 curat
1019 1076 1182 1144 convivia
1199 1076 1335 1154 turbae,

593 1217 801 1335 lndictoque
821 1246 878 1313 die
895 1245 1046 1335 quisque
1065 1264 1207 1313 vocatus
1228 1247 1337 1313 adest.

545 1418 681 1484 Verum
696 1415 811 1505 epulis
829 1414 889 1482 ubi
909 1415 1047 1504 primus
1065 1437 1165 1482 amor
1180 1414 1352 1482 concessit
1371 1415 1513 1494 edendi,

593 1591 710 1674 Atque
731 1585 815 1653 viris
833 1584 961 1651 haustu
980 1607 1080 1652 mens
1101 1583 1247 1652 hilarata
1265 1583 1368 1660 meri,

547 1757 651 1823 Tunc
670 1772 793 1822 natum
811 1754 960 1844 genitrix
978 1754 1144 1820 exhausta
1164 1753 1318 1842 pericula
1338 1769 1454 1820 narret

594 1925 845 2011 Fortunaeque
866 1923 958 1990 vices
978 1941 1011 1990 et
1029 1922 1117 1990 bene
1134 1939 1228 2012 gesta
1247 1939 1356 2012 rogat.

547 2092 679 2162 Omnis
699 2093 794 2161 idem
818 2091 930 2181 poscit
947 2110 1091 2159 coetus:
1115 2092 1341 2180 poscentibus
1360 2091 1417 2159 ille

591 2264 623 2330 N
629 2285 675 2328 on
695 2262 901 2329 adversatus
918 2261 999 2328 talia
1019 2283 1101 2328 voce
1119 2259 1245 2328 refert:

546 2457 565 2495 ‹<
583 2432 690 2498 Mane
708 2449 793 2513 erat,
813 2448 846 2498 et
863 2431 1024 2497 nondum
1043 2429 1094 2497 sol
1110 2429 1345 2497 illustraverat
1359 2430 1497 2512 orbem,

590 2600 693 2669 Dulci
712 2622 823 2690 quum
842 2599 974 2691 patriae
993 2598 1116 2667 limine
1134 2600 1219 2667 cedo
1239 2601 1380 2667 domus,

551 2769 652 2836 lbam
672 2769 835 2856 digressu
854 2791 1031 2868 moerens,
1050 2774 1247 2858 tacitusque
1264 2768 1429 2837 dolebam

595 2940 771 3028 Perpetua
791 2960 948 3006 mersum
968 2938 1128 3028 linquere
1148 2956 1247 3005 nocte
1265 2955 1412 3027 patrem.

550 3108 610 3175 Me
629 3125 746 3176 tamen
765 3106 872 3175 erexit
889 3107 1029 3174 coelesti
1052 3106 1200 3174 numine
1218 3108 1345 3196 plenus

589 3277 750 3361 Azarias,
773 3277 899 3366 longae
916 3277 1058 3365 duxque
1075 3297 1266 3365 comesque
1284 3275 1372 3342 viae.

546 3469 566 3508 ‹<
584 3397 689 3526 Siste,
712 3443 843 3533 inquit,
866 3443 1028 3511 lacrimas
1047 3469 1053 3510 :
1074 3443 1203 3511 iterum
1221 3466 1263 3510 en
1287 3442 1468 3532 promitto,
1491 3443 1625 3532 parenti

591 3611 731 3700 «Quae
754 3613 876 3680 reddat
897 3611 1012 3679 veniet
1032 3610 1175 3678 mollior
1193 3611 1277 3678 hora
1298 3610 1407 3679 diem.

547 3807 568 3845 «
587 3783 642 3849 Ne
660 3781 781 3848 scitare
799 3781 889 3848 ultra
908 3806 914 3846 :
936 3779 1065 3847 tribuet
1082 3779 1205 3846 solatia
1223 3779 1323 3846 vobis

590 3975 610 4013 «
629 3949 715 4038 Quo
733 3949 824 4017 volet
842 3949 1082 4038 Omnipotens
1099 3967 1258 4038 tempore
1276 3970 1418 4036 quoque
1440 3949 1560 4017 modo,
1577 3974 1597 4011 »

547 4118 708 4209 Tigridis
725 4120 769 4187 ad
788 4117 901 4207 ripam
920 4139 998 4185 sero
1013 4139 1126 4206 quum
1148 4138 1291 4204 vespere
1310 4133 1456 4185 ventum
1473 4135 1537 4198 est,

592 4288 745 4355 lnstituo
766 4286 875 4353 lassos
893 4308 997 4353 amne
1020 4285 1134 4353 lavare
1154 4286 1270 4375 pedes.

546 4455 734 4526 Succincta
755 4455 887 4546 gelidas
909 4454 1052 4544 gradior
1069 4455 1156 4521 dum
1173 4472 1266 4521 veste
1282 4476 1345 4543 per
1364 4454 1491 4534 undas,

592 4623 746 4692 Immani
766 4623 872 4713 piscis
890 4645 945 4690 me
966 4623 1051 4712 petit
1068 4645 1128 4690 ore
1146 4645 1263 4690 vorax.
