3970 5580
527 537 570 601 68
1035 557 1193 603 susanna

528 729 674 819 Egelida
692 729 801 799 subiit
818 749 914 799 artus
935 730 1148 820 perfundere
1166 732 1326 821 lympha.

525 898 682 966 Ancillas
698 899 852 982 dimitto,
872 922 986 968 seram
1004 923 1094 990 quae
1114 899 1275 989 postibus
1291 900 1440 982 obdant,

525 1073 641 1157 Atque
660 1085 841 1159 unguenta
859 1068 971 1136 ferant
991 1090 1147 1158 quorum
1164 1087 1215 1136 est
1232 1067 1453 1159 tergentibus
1474 1092 1561 1136 usus

525 1237 684 1325 Corpora
701 1264 707 1304 :
727 1237 914 1305 discedunt
931 1237 1115 1326 positaque
1139 1237 1172 1304 in
1193 1238 1355 1324 margine
1379 1237 1470 1327 palla

523 1404 659 1496 Tingor
675 1405 790 1494 aquis.
811 1405 910 1474 Grati
929 1405 1041 1473 laticis
1059 1407 1147 1473 dunt
1166 1405 1297 1496 frigora
1313 1422 1429 1494 capto,

524 1575 664 1644 Calcata
681 1596 743 1642 ceu
762 1574 886 1642 fronde
906 1574 992 1642 milri
1010 1576 1084 1642 leve
1103 1597 1268 1643 murmur
1289 1576 1331 1642 ad
1350 1597 1453 1642 aures

525 1743 690 1811 Pervenit
707 1744 888 1826 attonitae,
907 1743 1130 1832 virgultaque
1151 1762 1274 1831 coepta
1293 1743 1442 1811 moveri.

523 1913 626 1978 Veste
647 1907 745 2002 tegor
763 1912 949 2001 studioque
971 1912 1072 2002 fugae
1092 1912 1186 1979 feror
1203 1913 1283 1979 alite
1302 1912 1436 2001 planta.

524 2080 690 2148 Protinus
708 2079 845 2148 obsistit
862 2080 1051 2168 trepidanti
1072 2099 1174 2170 turpe
1192 2103 1317 2148 senum
1335 2104 1412 2170 par,

524 2250 552 2318 Ε
569 2249 701 2339 quibus
717 2249 919 2340 aggreditur
935 2271 1183 2338 comprensam
1205 2249 1258 2316 lris
1277 2249 1422 2316 vocibus
1443 2249 1549 2317 alter:

522 2419 673 2485 «Testis
690 2420 800 2501 abest,
821 2440 883 2485 nec
900 2418 1050 2486 claustra
1072 2419 1194 2486 sinunt
1214 2420 1376 2486 accedere
1397 2440 1632 2507 quemquam,

523 2588 669 2676 Nosque
689 2586 739 2654 tui
759 2587 875 2654 valido
894 2587 964 2654 iam
983 2587 1121 2676 pridem
1139 2588 1263 2654 ardore
1281 2604 1456 2655 tenemur.

520 2756 700 2844 Tempora
720 2755 1013 2844 quandoquidem
1031 2773 1113 2823 sunt
1130 2755 1224 2824 dulci
1242 2755 1425 2844 aptissima
1442 2754 1552 2838 furto,

522 2922 628 2992 lstius
647 2943 708 2991 aut
728 2922 830 2990 nobis
848 2922 990 2991 dabitur
1007 2946 1102 2991 nunc
1119 2925 1220 3012 copia
1238 2923 1387 3000 formae,

522 3091 659 3159 lndicio
680 3109 739 3160 aut
760 3111 908 3160 mortem
928 3091 1071 3180 patieris
1091 3092 1250 3160 adultera
1269 3110 1391 3160 nostro

520 3260 684 3330 Credita:
704 3260 753 3328 sic
771 3260 980 3328 inconcussa
997 3278 1063 3328 stat
1079 3269 1194 3328 mente
1213 3279 1439 3350 repostum.»

522 3428 665 3519 Derigui
686 3429 894 3520 gelidusque
912 3428 999 3497 rnihi
1022 3453 1083 3519 per
1104 3431 1265 3497 membra
1283 3429 1436 3498 cucurrit

521 3600 673 3682 Horror,
691 3616 723 3667 et
743 3599 828 3666 lraec
846 3600 990 3666 tandem
1008 3598 1063 3664 vix
1082 3599 1226 3666 reddere
1245 3597 1366 3687 lingua
1386 3614 1503 3664 coacta
1521 3617 1572 3665 est
1591 3621 1598 3660 :

520 3772 665 3856 «Aegra
684 3766 771 3834 mihi
791 3767 873 3834 hinc
890 3785 994 3856 atque
1012 3767 1096 3834 hinc
1113 3768 1270 3834 cruciant
1289 3765 1491 3856 praecordia
1509 3788 1628 3850 curae,

519 3935 623 4023 Quae
640 3935 776 4027 fugiam
794 3953 951 4025 stuprata
966 3957 1089 4003 necem
1107 3954 1166 4003 aut
1184 3935 1311 4003 intacta
1330 3935 1471 4002 subibo.

519 4106 653 4172 Verum
671 4105 777 4172 etiam
794 4103 955 4171 dubitare
974 4103 1094 4171 nefas:
1117 4104 1204 4171 ferre
1224 4104 1348 4171 ultima
1366 4121 1533 4193 praestat,

521 4275 677 4341 Foedera
697 4294 804 4361 quam
824 4289 956 4340 sacrata
975 4272 1041 4339 tori
1065 4272 1195 4339 violare
1214 4273 1340 4362 iugalis

518 4441 718 4511 Concubitu
737 4458 894 4523 externo,
914 4463 978 4507 nec
994 4441 1038 4507 sit
1057 4440 1143 4507 milri
1167 4441 1283 4508 vivere
1302 4442 1402 4508 tanti.

519 4610 721 4678 Immortale
739 4611 846 4677 decus
863 4626 1048 4698 properata
1066 4631 1130 4699 ego
1146 4628 1260 4677 morte
1282 4612 1473 4699 rependam
1493 4632 1503 4696 ;
