3928 5580
802 570 943 614 sraYLLa

280 747 376 812 Arva
394 744 516 824 boves,
535 761 567 810 et
585 741 689 831 inops
707 741 902 831 proscindit
922 764 1063 809 vomere
1082 741 1207 824 fossor,

283 910 417 979 Artifici
437 928 571 978 mutata
593 933 702 978 manu
725 911 909 1001 plebisque
931 927 1144 1001 patrumque

283 1079 397 1170 Saepe
415 1079 568 1147 frement
585 1081 727 1168 plausu,
747 1079 851 1146 vincti
871 1103 981 1170 quum
1003 1098 1164 1170 tempora
1183 1079 1282 1147 lauro

282 1249 531 1340 Quadriiugos
549 1250 688 1317 flectent
705 1271 831 1317 currus
849 1251 891 1317 ad
910 1250 1040 1338 templa
1061 1249 1238 1317 Tonantis

282 1417 425 1487 Ascanii
444 1420 487 1486 de
505 1418 613 1508 stirpe
630 1420 762 1499 duces3
781 1441 868 1508 gens
886 1440 1048 1506 quaeque
1066 1419 1209 1486 subacta

282 1587 527 1680 progreditur,
548 1587 739 1676 tractisque
760 1606 861 1655 sonat
877 1587 942 1654 Via
964 1587 1069 1659 Sacra
1086 1587 1232 1656 catenis.

281 1757 432 1847 Captivo
449 1775 528 1824 ante
545 1756 639 1824 fores
661 1757 802 1824 vestitas
819 1779 897 1824 aere
915 1759 1099 1825 columnas

283 1927 488 2016 Prospectat
507 1925 734 2015 Capitolinus
752 1943 872 2016 pater:
892 1926 1011 1993 omnis
1030 1925 1162 2015 ubique

282 2096 408 2163 Rostra
426 2094 525 2163 dabit
542 2113 687 2184 pontus,
706 2094 804 2162 dabit
820 2095 939 2162 omnis
959 2113 1049 2162 terra
1071 2113 1226 2184 tropaea.

325 2263 415 2331 llion
435 2263 625 2330 occubuit:
644 2262 695 2330 tas
713 2264 868 2330 exultare
888 2263 1047 2350 Mycenis
1063 2287 1071 2348 3

278 2431 349 2503 Sed
371 2451 574 2521 properent,
597 2433 702 2499 breve
721 2432 808 2499 dum
829 2450 989 2520 superest
1006 2433 1041 2498 in
1060 2433 1189 2522 gaudia
1208 2451 1360 2522 tempus.

280 2600 342 2667 llle
360 2601 436 2669 dies
453 2600 567 2668 aderit
585 2601 738 2668 recidiva
760 2601 819 2668 ubi
841 2601 1011 2691 Pergama
1030 2623 1153 2668 saevos

278 2770 511 2838 Contundent
527 2776 665 2860 Argos:
686 2769 816 2860 opibus
837 2769 983 2858 spoliata
1006 2769 1161 2837 vicissim

277 2937 437 3006 Troiano
454 2937 563 3006 cineri
583 2940 758 3028 persolvet
775 2939 910 3007 Achaia
928 2961 1073 3028 poenas,

278 3105 496 3197 lncultisque
514 3130 596 3175 suas
613 3108 726 3175 tradet
744 3107 937 3176 victoribus
958 3125 1058 3176 artes.

277 3275 311 3344 O
331 3292 423 3362 artes
441 3277 578 3344 utinam
598 3275 697 3344 liceat
719 3276 923 3366 permittere
944 3277 1047 3344 solas.

279 3446 353 3512 Nec
370 3444 478 3512 simul
496 3463 529 3512 et
547 3449 684 3513 mores!
711 3445 781 3515 Ubi
802 3468 897 3513 nunc
915 3446 973 3512 illa
990 3445 1118 3536 inclyta
1142 3445 1266 3524 virtus,

278 3612 397 3681 Prisca
416 3613 476 3682 ubi
499 3613 708 3703 simplicitas
725 3633 891 3703 castoque
910 3615 943 3681 in
963 3637 1109 3704 corpore
1132 3614 1254 3696 robur,

278 3782 475 3871 Imperium
496 3781 628 3871 quibus
646 3783 796 3850 asseruit
812 3783 878 3850 sibi
899 3785 1053 3852 Romula
1076 3783 1218 3873 proles?

278 3951 473 4018 Externum
492 3951 613 4041 populi
634 3951 742 4041 serpit
764 3974 825 4040 per
843 3953 1004 4019 membra
1024 3973 1201 4020 venenum

278 4119 448 4202 Luxuria,
467 4137 500 4186 et
517 4119 610 4208 turpi
630 4119 827 4210 corrumpit
845 4120 976 4187 viscera
995 4120 1087 4188 tabo.

276 4288 393 4356 Corda
411 4287 472 4356 diu
492 4287 646 4379 bellique
665 4288 835 4378 domique
854 4289 1001 4356 exercita
1019 4289 1113 4357 curis

277 4454 432 4522 Desidiis
449 4455 676 4542 franguntur,
696 4458 825 4524 hebent
843 4459 885 4525 ad
904 4457 1004 4524 fortia
1023 4458 1125 4525 vires.

274 4623 371 4691 Tum
391 4623 472 4714 iuga
493 4625 688 4692 detrectans
704 4626 866 4694 coniurat
886 4626 920 4692 in
943 4648 1040 4693 arma
1059 4626 1199 4694 rebellis
