3942 5592
505 528 562 614 198
1018 547 1152 590 asrtuzn

499 721 679 810 Spemque
706 721 881 808 iidemque
906 722 1038 809 supra?
1066 722 1201 787 Verum
1228 739 1264 786 ut
1284 719 1354 786 sint
1371 717 1492 786 omnia
1511 739 1670 807 praesto,

498 890 602 978 Quae
620 889 712 958 soliti
733 889 800 957 sibi
820 890 984 957 mortales
1000 911 1185 978 exposcere
1208 888 1311 968 votis,

498 1061 554 1128 Ne
571 1078 687 1126 tamen
706 1059 845 1126 eveniat
863 1057 964 1125 nobis
982 1058 1116 1125 sincera
1140 1059 1313 1146 voluptas,

499 1231 602 1299 Unus
618 1248 650 1296 et
669 1228 724 1295 ille
742 1227 886 1317 quidem
906 1227 1023 1294 servili
1042 1228 1149 1316 stirpe
1169 1244 1307 1294 creatus

497 1397 673 1480 Obsisti13
693 1397 818 1465 merito
837 1419 918 1464 nam
940 1397 1025 1464 dum
1045 1419 1099 1463 me
1117 1396 1220 1463 turba
1238 1413 1378 1464 veretur

499 1568 668 1634 Frontem
687 1565 784 1632 affixa
803 1567 890 1648 solu
910 1565 966 1632 vix
987 1587 1023 1632 se
1042 1566 1131 1633 levat
1148 1565 1210 1632 iste
1229 1565 1346 1643 sedili,

498 1735 724 1824 Secutusque
743 1733 920 1802 me'irecta
940 1756 994 1802 me
1012 1733 1124 1802 fronte
1143 1752 1260 1801 tuetur
1277 1760 1286 1818 ς

499 1903 764 1993 Egredererque
783 1903 889 1970 modo
906 1903 1043 1993 augusti
1063 1926 1176 1993 quum
1194 1903 1317 1970 limine
1336 1902 1429 1982 tecti,

500 2071 656 2161 Reginae
675 2073 822 2139 conviva
840 2095 975 2156 recens,
993 2094 1175 2163 assurgere
1198 2072 1303 2140 nobis

500 2242 608 2308 Hunc
626 2241 752 2331 piguit,
771 2241 903 2308 nedum
923 2241 1031 2308 iustos
1048 2240 1199 2310 deferret
1217 2242 1382 2309 honores.

501 2409 573 2481 Uni
593 2412 727 2478 adeone
746 2409 831 2477 mihi
851 2411 992 2500 prodest
1008 2413 1197 2479 concedere
1217 2411 1303 2501 regi,

500 2579 688 2669 ipsiusque
706 2597 804 2669 pater
822 2579 964 2647 vocitari
983 2598 1086 2669 atque
1104 2581 1190 2648 alter
1207 2581 1251 2648 ab
1270 2581 1331 2648 illo
1349 2583 1355 2646 !

391 2759 396 2770 '
498 2747 706 2836 Quamlibet
724 2747 838 2814 inviso
855 2747 973 2838 generi
997 2759 1064 2816 stet
1081 2747 1256 2816 terminus
1277 2747 1352 2815 aevi

499 2915 658 3000 Vicinus,
677 2939 909 3006 quaecunque
927 2935 1044 2983 tamen
1066 2937 1165 2984 mora
1187 2917 1290 3006 longa
1309 2917 1463 2998 videtur,

500 3085 543 3153 Et
560 3086 673 3153 taedet
690 3085 836 3174 spirare,
856 3085 1011 3152 hominis
1027 3086 1114 3153 dum
1132 3084 1255 3153 lunera
1273 3108 1430 3168 cernam,

499 3253 620 3323 Gratia
637 3253 825 3344 probrosas
843 3277 949 3342 quem
968 3254 1003 3321 ni
1022 3255 1179 3343 quaesita
1198 3278 1260 3344 per
1279 3275 1370 3322 artes

501 3423 611 3509 Regis
627 3422 869 3503 obumbraret,
890 3422 1099 3490 iamdudum
1119 3446 1207 3490 vana
1224 3441 1421 3491 tumentem

499 3592 580 3681 lpse
597 3613 705 3659 manu
724 3591 929 3658 exstinxem.
957 3591 1093 3680 Quare,
1113 3617 1133 3660 ο
1154 3593 1373 3660 iunctissima
1393 3593 1497 3661 nobis

499 3765 656 3843 Pectora,
673 3759 831 3828 consiliis
848 3760 958 3827 dubio
974 3761 1164 3829 succurrite
1184 3763 1318 3830 vestris.
1337 3788 1357 3826 »

498 3929 657 3998 Desierat
672 3955 681 4012 3
699 3929 804 3996 Zares
824 3950 930 4018 quem
949 3929 1078 3997 talibus
1095 3930 1222 4019 excipit
1240 3953 1351 3998 uxor:
1454 3959 1457 3964 ¹

496 4125 517 4163 «
535 4100 638 4166 Mens
655 4099 821 4188 equidem
843 4100 951 4168 miror
971 4099 1033 4167 tibi
1055 4123 1126 4189 quo
1144 4101 1356 4169 concesserit
1373 4102 1488 4168 audax

500 4270 543 4337 Et
560 4287 710 4359 spectata
728 4268 826 4358 prius
843 4269 963 4336 dubiis
978 4269 1118 4336 solertia
1137 4270 1255 4338 rebus.

499 4439 624 4506 Iamne
641 4438 779 4505 obstare
798 4437 859 4505 tibi
878 4460 1096 4527 quemquam
1114 4439 1229 4505 malus
1245 4439 1388 4528 impulit
1404 4462 1516 4518 error,

498 4608 689 4697 vitalique,
709 4606 818 4690 nesea,
840 4607 1037 4674 etiamnum
1058 4607 1087 4673 is
1106 4608 1256 4676 vescitur
1273 4611 1383 4676 atrro?
