3972 5654
692 503 849 547 SUllelllll
875 503 1089 548 PONTlFlCEbl

350 676 511 744 Plurima
528 694 561 744 te
582 674 751 760 referunt,
773 675 946 760 loachim,
967 675 1132 766 suffragia
1154 693 1310 765 patrum,

394 845 631 934 Delatumque
649 844 711 912 tibi
732 863 782 912 est
800 844 1000 934 pontificale
1018 845 1137 913 decus.

350 1015 444 1080 Dant
464 1013 628 1104 plausum
650 1012 802 1102 reliqui:
822 1014 940 1081 turbat
957 1031 1074 1082 tamen
1093 1013 1206 1081 exitus
1225 1036 1335 1081 unum
1357 1039 1367 1090 ς

394 1183 533 1271 Nempe
551 1181 618 1249 sibi
635 1199 774 1250 tantum
793 1205 863 1250 non
883 1183 974 1250 bene
993 1201 1097 1251 notus
1111 1201 1196 1251 erat.

348 1351 447 1440 Quid
468 1351 640 1420 Perusine
659 1352 757 1419 doles
775 1353 883 1420 modo
903 1374 986 1442 grex
1002 1350 1161 1419 fraudate
1180 1351 1349 1442 magistro
1371 1354 1381 1418 ἓ

390 1519 556 1587 Vindicat
572 1521 665 1587 hunc
686 1520 802 1608 potior
819 1519 990 1610 Tybridis
1007 1543 1067 1588 ora
1090 1519 1172 1602 sibi,

346 1687 515 1778 Tybridis
532 1711 593 1758 ora
611 1689 712 1772 sacri,
733 1711 780 1757 rer
792 1711 852 1756 um
872 1691 929 1756 cui
948 1689 1119 1779 providus
1137 1707 1259 1757 auctor

392 1857 590 1946 Imperium
608 1858 734 1925 mundi
757 1873 899 1947 tempus
917 1857 951 1925 in
974 1880 1081 1926 omne
1103 1859 1211 1926 dedit.

347 2025 384 2096 Si
403 2027 484 2115 quis
501 2028 598 2095 adest
615 2028 745 2116 pudor,
764 2026 914 2094 iniustas
933 2049 1116 2115 compesce
1136 2028 1299 2116 querelas
1320 2045 1327 2095 τ

391 2194 615 2286 Omnigenae
632 2195 727 2287 genti
747 2194 873 2264 sufficit
893 2195 1002 2264 huius
1019 2218 1141 2284 amor3

348 2365 421 2431 Nec
442 2365 512 2432 iam
530 2383 655 2454 sponte
676 2387 740 2432 sua
759 2364 898 2455 migrat,
917 2364 1089 2432 divinitus
1107 2387 1218 2455 agnos

392 2533 540 2600 Pascere
560 2532 752 2623 dispersos,
775 2555 916 2622 pascere
938 2533 1056 2601 iussus
1075 2555 1170 2601 oves.

346 2702 567 2772 Commissas
584 2702 737 2791 pecudes
755 2703 904 2770 herbosa
922 2701 958 2769 in
977 2724 1107 2792 pascua
1123 2701 1243 2784 mittit,

390 2869 495 2959 Quae
515 2887 649 2937 tutante
667 2869 783 2959 legant
799 2869 959 2960 gramina
978 2870 1066 2938 laeta
1088 2872 1189 2960 pedu.

347 3039 474 3108 Navita
493 3038 545 3105 vel
565 3038 654 3106 mira
673 3038 721 3105 sic
742 3056 914 3127 temperat
931 3056 1003 3106 arte
1021 3039 1192 3117 carinam,

392 3209 440 3278 Ut
456 3207 584 3275 frustra
603 3206 702 3274 feriat
719 3206 845 3274 celsior
863 3209 956 3274 unda
978 3208 1080 3274 latus.

348 3373 578 3464 Noctivagam
598 3392 714 3464 specta
735 3393 773 3441 ut
793 3375 900 3444 lluctu
921 3373 1068 3442 iactante
1087 3374 1287 3463 phaselum,

391 3545 420 3610 E
437 3544 535 3611 coelo
552 3544 671 3610 lumen
694 3544 859 3633 praebeat
875 3543 950 3633 ipse
968 3544 1053 3611 suis.

347 3712 426 3801 lpse
444 3711 539 3779 subit
555 3713 667 3795 clam,
686 3734 749 3779 nec
770 3734 811 3779 eo
829 3733 915 3803 vaga
939 3734 1041 3801 prora
1063 3712 1228 3780 ministro

390 3881 544 3948 Insidias
564 3881 680 3970 pelagi
699 3903 844 3949 caecave
862 3904 942 3948 saxa
961 3881 1060 3948 timet
1079 3905 1086 3966 ;

347 4051 391 4117 Et
409 4068 573 4139 quassata
591 4049 683 4132 licet,
705 4068 823 4118 tamen
844 4051 937 4117 haud
958 4051 1111 4118 obnoxia
1129 4050 1208 4118 fatis

390 4221 460 4288 Per
476 4219 629 4309 liquidas
649 4219 757 4287 currit
775 4218 921 4304 mystica
942 4220 1068 4310 cymba
1088 4220 1173 4286 vias.

346 4388 494 4478 Quippe
513 4389 600 4479 regit
618 4411 784 4478 praesens
802 4387 902 4455 navis
919 4387 1164 4456 moderamina
1183 4389 1361 4470 Christus,

390 4555 422 4624 N
428 4578 464 4622 ec
483 4555 658 4645 promissa
676 4556 760 4624 sinit
777 4557 896 4624 fallere
914 4578 1042 4647 magna
1061 4557 1179 4624 fidem.
