3970 5580
489 533 548 596 104
892 535 938 579 no
958 535 1100 580 rancun
1123 535 1247 580 sarran

484 707 637 777 Obsidet
656 708 819 790 illuvies;
842 729 959 776 rerum
979 707 1148 776 confusus
1165 730 1309 776 acervus

487 877 681 966 Undique:
700 899 895 966 suspensus
915 877 1002 965 quid
1023 877 1263 966 contemplere
1286 876 1444 962 rogabis,

484 1050 587 1114 Anne
606 1067 824 1136 gynaeceum
842 1062 902 1113 aut
921 1045 1106 1114 vendentis
1127 1064 1241 1114 scruta
1260 1046 1456 1114 tabernam.

530 1213 657 1301 Quum
676 1214 794 1304 primo
813 1233 974 1282 concreta
989 1219 1068 1304 gelu
1090 1237 1175 1304 vaga
1193 1213 1341 1282 flumina
1359 1232 1514 1304 torpent,

487 1385 598 1452 Nacta
617 1385 754 1451 Neaera
774 1383 869 1451 lacus
886 1383 1006 1451 subdit
1023 1374 1145 1451 talaria
1164 1382 1292 1473 plantis

487 1554 614 1620 Ferrea
633 1570 868 1642 curvataeque
886 1551 997 1620 aciem
1017 1551 1200 1620 referentia
1219 1551 1329 1633 lalcis,

484 1725 602 1810 Atque
622 1719 783 1788 immixta
802 1719 886 1788 viris
904 1720 1032 1788 scindit
1052 1721 1125 1787 loca
1144 1719 1278 1788 lubrica
1296 1742 1382 1810 gyro

487 1889 689 1979 Multiplici.
710 1889 853 1977 Qualis,
873 1889 976 1956 nidos
996 1911 1087 1978 quae
1107 1889 1239 1970 condit,
1259 1888 1414 1956 hirundo

487 2059 590 2147 Itque
608 2058 768 2147 reditque
785 2057 952 2147 frequens
972 2077 1005 2126 et
1023 2058 1150 2148 pennis
1167 2057 1312 2125 circinat
1332 2080 1451 2138 auras,

488 2229 570 2296 Non
592 2227 692 2296 aliter
713 2245 803 2295 secat
822 2226 880 2294 illa
900 2227 972 2294 vias
990 2229 1079 2317 pede
1098 2228 1250 2316 pendula
1270 2229 1385 2295 doctu.

487 2396 662 2465 Turbinis
681 2396 714 2463 in
736 2418 872 2464 morem
892 2418 985 2463 nunc
1004 2396 1157 2484 impetus
1179 2396 1228 2464 ire
1250 2418 1311 2485 per
1328 2418 1474 2484 aequor,

488 2565 651 2636 Scribere
668 2587 763 2633 nunc
783 2587 884 2633 amor
901 2584 953 2632 est
974 2565 1108 2633 volucri
1127 2588 1189 2632 sna
1208 2566 1355 2632 nomina
1373 2564 1456 2640 talo,

490 2735 757 2804 Cancrorumre
776 2733 905 2802 referre
925 2751 1018 2802 retro
1036 2733 1181 2824 vestigia
1203 2733 1284 2801 ritu.

490 2903 677 2972 Pernicem
696 2921 728 2970 at
750 2902 778 2969 si
796 2902 883 2971 sorte
902 2920 996 2970 tenet
1013 2903 1112 2991 palea
1129 2901 1234 2969 obvia
1256 2903 1425 2984 lamnam,

490 3073 530 3140 ln
549 3089 718 3155 crustam,
738 3072 820 3155 heu,
840 3071 1006 3160 resupina
1023 3071 1116 3139 cadit
1132 3070 1304 3160 foedeque
1324 3072 1535 3139 recumbens

488 3241 666 3322 Volvitur,
687 3241 892 3329 attritosque
910 3241 985 3307 solo
1003 3240 1059 3306 vix
1076 3240 1202 3307 allevat
1222 3259 1329 3308 artus.

492 3409 604 3501 Erigit
621 3411 711 3477 hanc
732 3409 870 3477 iuvenis
888 3409 1074 3490 miserans,
1094 3409 1238 3496 risuque
1260 3409 1376 3477 silenti

492 3579 727 3667 Prosequitur
744 3578 904 3645 claudam
924 3596 957 3645 et
975 3577 1117 3645 liventia
1134 3578 1297 3646 membra
1318 3577 1516 3646 trahentem
1531 3601 1541 3658 ς

490 3746 549 3818 Sic
571 3769 713 3815 mensas
732 3746 834 3814 Hebe
854 3747 1025 3815 exhilarat
1046 3749 1202 3816 revoluta
1226 3749 1395 3816 Deorum.

491 3922 554 3983 Ast
576 3915 637 3982 ubi
660 3937 739 3982 vere
758 3937 851 3982 novo
868 3917 1039 4006 Zephyris
1059 3915 1240 3982 incanduit
1257 3937 1386 3994 annm,

492 4083 553 4152 Nil
572 4084 694 4150 eadem
713 4083 829 4172 prisco
847 4083 963 4151 herois
979 4083 1142 4150 deterrita
1160 4106 1241 4150 casu

493 4253 581 4319 Ecce
604 4252 688 4320 rotis
706 4253 781 4319 fidit
798 4251 952 4343 geminis
969 4251 1141 4341 equitare,
1160 4252 1275 4341 priore

493 4419 673 4487 Posterior
693 4442 847 4509 quarum
867 4421 1088 4509 protruditur
1105 4419 1202 4488 orbis
1219 4421 1263 4487 ab
1281 4419 1376 4487 orbe.

490 4587 666 4657 Cruribns
684 4607 722 4656 ut
740 4589 866 4678 pressit
884 4609 1059 4657 contracta
1080 4589 1202 4656 sedilia
1221 4588 1325 4668 varis,
