3970 5580
749 551 796 594 at)
816 549 926 596 PROCU
932 552 956 594 ,11
975 550 1100 595 samua

342 723 403 790 Est
419 739 537 790 tamen
557 722 615 790 illa
637 745 789 812 parens3
808 725 867 791 sed
886 747 958 813 quo
977 747 1038 791 vos
1057 724 1202 791 nomine
1221 725 1351 806 dicant,

341 891 502 959 Dedecus
520 914 540 958 ο
558 911 734 978 magnum
753 891 935 980 nostrique
955 891 1100 959 infamia
1120 893 1239 973 saecli,

341 1060 545 1149 Nuptarum
564 1060 673 1128 laetae
695 1059 798 1128 titulo
815 1083 905 1149 quae
923 1082 1072 1128 munera
1090 1080 1245 1129 manunt

341 1227 536 1317 Respuitis‚
556 1229 751 1318 sterilique,
773 1229 883 1311 nefas,
903 1251 966 1317 per
983 1229 1131 1297 crimina
1153 1247 1289 1312 ventre,

341 1397 384 1464 Et
401 1397 549 1486 patriam
569 1415 601 1465 et
619 1419 765 1487 superas
779 1396 950 1465 fraudatis
968 1397 1106 1465 civibus
1124 1399 1246 1465 arces?

341 1567 464 1654 Usque
479 1567 567 1634 adeo
584 1565 691 1634 timor
708 1585 759 1634 est
775 1583 938 1633 tenerum
957 1588 998 1634 ne
1015 1564 1129 1634 fronte
1148 1566 1314 1635 decorem

341 1735 501 1803 Excutiat
521 1754 643 1825 partus
660 1735 790 1826 gravis,
809 1735 1034 1802 educendave
1053 1737 1169 1824 proles

338 1909 508 1972 Attenuet
526 1926 708 1986 numnam,
728 1905 831 1971 luxus
847 1904 1015 1971 alimenta
1034 1903 1189 1971 nefandi.

339 2071 479 2143 Scilicet
495 2074 559 2140 hos
577 2073 680 2140 nobis
698 2072 845 2140 immisit
862 2072 977 2142 Gallia
995 2095 1129 2155 mores,

338 2242 453 2312 Gallia
474 2243 547 2309 sola
565 2265 673 2330 super
689 2242 744 2309 cui
765 2241 1070 2332 magniloquentia
1089 2241 1209 2309 virtus

339 2411 408 2482 Sed
430 2411 515 2500 quid
534 2434 599 2503 ego
617 2411 806 2502 aggredior
822 2411 924 2478 dictis
942 2411 1115 2478 incessere
1137 2427 1351 2491 monstrum,

338 2580 424 2668 Quo
442 2602 520 2648 mea
538 2581 722 2670 plectendo
741 2601 927 2670 nunquam
946 2579 1206 2648 exsaturabitur
1222 2579 1286 2654 ira,

339 2751 422 2818 Non
440 2750 468 2816 si
487 2749 608 2817 crebra
626 2749 714 2816 milti
734 2749 918 2817 vibrentur
937 2749 1086 2818 fulmina
1105 2748 1238 2839 lingua,

340 2918 580 2986 Eumenidum
602 2941 670 2986 non
693 2918 721 2985 si
740 2918 840 2986 liceat
858 2935 1005 2986 tractare
1023 2918 1200 2984 cerastas?

384 3089 490 3156 Nunc
508 3088 550 3154 ad
569 3104 601 3154 te
619 3105 656 3155 ut
673 3089 829 3169 redeam,
848 3086 993 3175 quando
1012 3108 1081 3152 non
1102 3103 1133 3152 te
1152 3087 1226 3153 alea
1247 3102 1352 3153 terret

338 3255 526 3342 Coniugii,
547 3279 668 3324 caecae
688 3279 730 3324 ne
746 3257 857 3324 dones
873 3255 993 3322 omnia
1014 3254 1113 3338 sorti,

339 3425 500 3493 Millibus
518 3425 553 3492 in
573 3425 695 3492 multis
713 3424 831 3492 studio
851 3424 1084 3513 circumspice
1102 3423 1157 3490 cui
1177 3442 1208 3491 te

339 3594 525 3663 Devincire
543 3593 653 3676 velis3
673 3612 706 3660 at
723 3593 750 3660 si
770 3616 841 3660 non
861 3592 969 3683 digna
989 3593 1157 3682 pudendo

339 3763 558 3852 Implicitam
576 3780 691 3830 teneat
712 3763 807 3830 nodo
826 3778 1009 3849 versetque
1025 3758 1157 3849 puella,

338 3931 484 3998 Vincula
502 3933 597 3999 solve
615 3931 717 4013 citus,
737 3930 824 3997 solvi
843 3931 928 3998 dum
953 3929 1090 3996 vincula
1109 3946 1269 4016 possunt.

340 4101 413 4168 Nec
432 4122 577 4167 nascens
594 4100 621 4166 si
642 4118 774 4190 pugnet
791 4121 904 4180 amor,
925 4097 1109 4186 pariatque
1127 4097 1289 4164 dolorem

339 4267 552 4351 Discidium,
571 4291 693 4335 causas
710 4268 789 4335 ideo
807 4266 870 4334 tibi
890 4267 981 4356 linge
1003 4263 1179 4332 morandi.

338 4437 538 4505 Commoda
559 4458 662 4525 saepe
680 4435 776 4502 brevi
795 4456 865 4502 non
886 4455 992 4522 parva
1010 4433 1132 4500 dolore
1154 4449 1344 4522 parantur:

339 4604 401 4671 llle
420 4604 529 4693 probe
550 4604 647 4671 novit
664 4603 720 4671 cui
742 4604 829 4670 dens
848 4601 989 4669 vitiatus
1006 4602 1146 4668 adunco
