3936 5578
819 555 956 599 ESTHER

302 729 376 794 Nec
397 745 527 794 temere
548 727 713 795 Hebraeo
733 745 918 818 corruptos
937 728 1097 818 suspicor
1114 751 1214 810 auro,

301 895 341 962 In
361 913 419 962 tua
437 896 498 982 qui
520 917 633 984 nuper
652 895 813 963 iurarunt
830 896 911 977 fata,
932 895 1123 963 ministros.

301 1063 359 1135 Sic
378 1064 520 1133 meritas
537 1064 647 1132 subiit
663 1084 777 1154 grates
795 1065 994 1154 persolvere
1013 1065 1100 1155 regi,

300 1233 426 1300 Vivere
445 1231 726 1322 permisitcuius
741 1232 929 1300 clementia
949 1233 1072 1323 captis,

300 1401 427 1469 Vivere
446 1423 509 1468 nec
527 1419 681 1484 tantum,
700 1403 758 1470 sed
776 1424 863 1490 opes
881 1423 1010 1492 augere
1033 1419 1194 1470 retentas.

300 1569 424 1657 Quam
443 1571 545 1637 vellet
564 1571 704 1637 Pharao
722 1571 866 1659 stirpem
885 1589 965 1637 ante
984 1571 1122 1638 extinxe
1138 1570 1341 1651 nefandam,

301 1739 482 1806 Pestiferis
502 1761 615 1829 quum
632 1739 821 1807 turbarunt
841 1740 994 1807 Nilotica
1014 1739 1182 1807 monstris

299 1913 409 1991 Arva,
431 1908 619 1997 ipsumque
639 1907 730 1976 dolis
749 1909 857 1976 rubro
877 1930 1028 1976 mersere
1047 1907 1235 1997 profundo.

299 2078 355 2145 Tu
377 2077 496 2144 Pharii
518 2077 663 2144 edoctus
685 2077 885 2144 miseranda
901 2095 994 2144 sorte
1012 2077 1165 2167 regentis

303 2246 448 2314 Excidio
466 2246 580 2335 plebis
597 2263 730 2313 tantam
749 2264 970 2335 praevertere
992 2247 1127 2314 cladem

302 2416 356 2483 Ne
374 2414 511 2494 dubita,
530 2415 691 2504 -culpa
713 2414 769 2482 hic
788 2415 911 2504 pietas,
930 2455 973 2464 —
995 2414 1188 2504 spoliisque
1210 2414 1341 2503 potitus

300 2583 482 2651 Femineis
500 2605 608 2651 vacua
630 2583 806 2673 impensis
825 2583 960 2652 aeraria
978 2583 1152 2672 supple.»

303 2753 484 2820 Hactenus
500 2752 689 2842 Agagides‚
709 2775 816 2840 quem
835 2774 893 2820 rex
915 2751 960 2819 ita
979 2774 1063 2818 voce
1080 2769 1244 2819 secutus:

300 2946 319 2983 <‹
333 2922 416 2990 Non
440 2921 722 2989 immansuetum
740 2921 829 2988 mihi
849 2943 925 3003 nec,
944 2921 1040 3010 quod
1059 2919 1232 3010 sanguine
1250 2918 1329 2987 fuso

301 3089 474 3171 Gaudeat,
494 3089 679 3179 ingenium
701 3108 772 3157 est:
804 3089 946 3178 populis
964 3090 1131 3177 equidem
1148 3088 1318 3156 omnibus
1339 3111 1479 3178 aequus

301 3258 431 3327 Nullos
450 3280 520 3324 non
543 3257 679 3346 placida
699 3259 887 3347 sperabam
905 3280 989 3347 pace
1006 3257 1109 3326 tueri.

303 3427 423 3508 Nunc,
442 3426 587 3514 -quid
608 3426 831 3494 dissimulem
848 3429 859 3494 i
876 3467 919 3476 —
936 3427 1104 3494 discincta
1122 3447 1177 3494 me
1198 3426 1232 3493 in
1257 3425 1327 3494 otia
1350 3443 1474 3493 natum

301 3594 433 3664 Obruit
451 3595 592 3684 imperii
610 3596 735 3679 moles,
755 3596 934 3684 laetorque
953 3595 1109 3685 profecto

302 3765 486 3831 invenisse
503 3763 599 3854 gravi
619 3787 780 3853 pressum
799 3766 858 3854 qui
880 3764 971 3833 fasce
990 3767 1120 3833 levaret

303 3934 465 4001 Pondera
483 3934 632 4024 partitus
650 3956 804 4003 mecum.
826 3936 876 4002 De
894 3953 999 4020 gente
1018 3934 1137 4002 rebelli

301 4102 456 4186 Videris,
474 4103 620 4172 arbitrio
639 4103 807 4194 deinceps
825 4127 914 4193 quae
931 4123 1002 4172 tota
1021 4104 1186 4172 iubemus

302 4270 356 4341 Sit
374 4271 545 4361 permissa
565 4291 638 4340 ru0.
658 4273 723 4340 Via
744 4275 889 4362 quando
905 4297 943 4341 ea
961 4274 1034 4340 sola
1052 4273 1188 4357 salutis,

303 4441 453 4530 Expedit
471 4441 550 4531 igne
572 4443 665 4510 luem
685 4459 717 4510 et
736 4465 840 4510 saevo
857 4465 1080 4532 compescere
1097 4443 1201 4510 ferro.

300 4612 348 4677 At
364 4609 533 4698 quoniam
551 4611 744 4696 indignum
762 4629 814 4680 est
831 4635 949 4703 regem
967 4613 1135 4681 ditescere
1152 4613 1273 4696 caede,
