3970 5580
669 583 704 627 lN
730 583 907 628 MULlERES
932 584 1177 630 annueremus

488 755 604 822 Hosce
625 755 685 823 diu
706 755 793 824 ritus
810 774 915 845 atque
934 757 1024 823 lranc
1041 775 1186 825 tenuere
1207 758 1383 848 figuran13

443 922 577 992 Omnia
595 924 654 992 sed
676 925 783 1014 longo
801 925 972 1014 quoniam
992 944 1176 994 verruntur
1194 927 1228 994 in
1247 949 1347 1009 aevo,

443 1093 614 1182 Corporis
630 1111 664 1160 et
681 1093 797 1161 cultus
815 1093 884 1161 iam
905 1112 982 1161 tum
1001 1095 1135 1163 variare
1154 1096 1309 1179 iuvabat,

443 1262 536 1331 Cum
554 1263 664 1328 cauda
683 1285 832 1352 posuere
851 1263 954 1351 pilos
973 1264 1139 1353 aurisque
1157 1288 1325 1333 cacumen

443 1431 638 1500 Curtarunt
655 1431 793 1498 decoris
811 1433 952 1516 studi03
973 1455 1141 1502 mensura
1161 1456 1345 1502 comarum

445 1599 602 1689 Longior
619 1599 741 1681 evasit,
762 1622 825 1667 nec
845 1622 913 1667 non
935 1621 1117 1689 assurgere
1137 1621 1240 1668 nares

445 1767 622 1834 Paulatim
640 1790 786 1857 coepere
806 1769 1009 1858 pedumque
1028 1768 1198 1857 rigescere
1219 1769 1359 1856 plantae

445 1936 520 2002 lam
540 1935 660 2004 minus
674 1953 779 2025 atque
798 1935 916 2004 minus
935 1958 1115 2004 ramorum
1130 1935 1334 2003 ascensibus
1352 1954 1465 2025 aptae.

444 2105 534 2172 Dein
554 2104 614 2172 ubi
634 2123 821 2172 senserunt
842 2105 960 2172 nervis
981 2105 1173 2173 increscere
1192 2128 1306 2186 suras,

442 2275 584 2342 Tollere
601 2295 730 2364 corpus
748 2275 872 2356 humo,
892 2275 1118 2363 speculentur
1137 2292 1173 2341 ut
1194 2275 1335 2342 eminus
1354 2274 1506 2356 hostem,

444 2443 525 2510 Mos
543 2442 651 2510 subiit
668 2443 798 2510 sensim
819 2461 983 2531 rectoque
1001 2443 1161 2510 incedere
1180 2461 1315 2510 trunco,

445 2611 533 2678 lnde
552 2633 666 2679 novus
684 2613 785 2680 terris
801 2611 967 2679 animans
988 2611 1131 2701 vestigia
1150 2611 1289 2702 pressit.

445 2779 581 2850 Simius
599 2781 656 2848 hic
674 2803 717 2848 an
737 2781 844 2848 homo
862 2779 966 2849 suerit
986 2781 1013 2847 si
1034 2780 1120 2848 forte
1140 2781 1285 2872 rogatio,

446 2950 581 3018 Neuter
598 2967 684 3032 erat,
704 2949 861 3017 medium
880 2950 1025 3038 quando
1044 2950 1135 3017 inter
1153 2967 1343 3038 utrumque
1356 2951 1509 3018 tenebat.

444 3122 476 3186 A
493 3119 613 3187 dextra
631 3118 691 3186 sed
709 3119 804 3186 enim
823 3138 1011 3208 postquam
1032 3118 1233 3187 discernere
1250 3119 1400 3204 laevam,

447 3287 516 3354 Per
532 3287 661 3376 digitos
682 3309 883 3370 numerare,
903 3287 1014 3355 isdem
1033 3287 1099 3356 sibi
1119 3288 1268 3378 prodere
1284 3311 1423 3370 sensus,

445 3460 562 3545 Atque
580 3456 677 3545 prior
693 3465 804 3524 certas
821 3456 979 3524 emittere
1000 3455 1132 3524 semina
1154 3479 1256 3524 voces

447 3625 635 3694 Contracta
654 3625 806 3693 instituit
821 3626 942 3709 bucca,
961 3644 1035 3693 tum
1054 3626 1207 3715 denique
1229 3625 1365 3716 primos

448 3794 605 3884 Expletis
626 3795 788 3862 homines
807 3795 964 3862 numeris
983 3794 1141 3884 prodisse
1159 3796 1360 3885 putandum
1377 3813 1440 3862 est.

449 3963 609 4030 Plurima
627 3963 694 4030 sub
709 3963 768 4030 dio
786 3963 906 4031 miseri
928 3983 988 4030 aut
1005 3963 1247 4032 nemoralibus
1263 3963 1373 4032 antris

448 4132 595 4203 Saecula
612 4134 785 4201 durarunt
802 4131 1010 4223 generatim,
1031 4133 1189 4200 membra
1208 4132 1330 4200 ferinis

450 4302 596 4369 lncincti
619 4303 766 4392 spoliis:
789 4320 967 4369 contracto
984 4300 1112 4392 frigore
1132 4302 1262 4369 ntultos

448 4471 605 4540 Abstulit
625 4473 713 4540 acris
732 4471 871 4556 biems3
892 4473 991 4540 multi
1014 4473 1080 4540 sub
1098 4474 1201 4540 dente
1219 4471 1374 4540 serarum

451 4641 621 4709 Invenere
641 4665 776 4726 necem,
796 4644 907 4710 donec
921 4664 1111 4710 commune
1130 4642 1302 4732 periclum
1339 4730 1353 4780 8
