3942 5592
708 551 813 596 lUDAS
838 551 1061 596 MACHABAEUS

343 725 497 812 Singula
518 724 669 794 viventis
687 723 854 808 reserens,
874 723 1069 813 faciemque
1087 745 1277 814 comasque

346 895 390 962 Et
407 916 565 984 gressum
585 912 618 962 et
635 912 765 976 motus,
784 916 847 962 nec
863 915 927 962 vox
947 911 1078 960 mutata
1096 892 1254 961 sonabat.

341 1064 499 1131 Vulnera
520 1063 606 1152 quin
626 1062 731 1131 etiam
749 1063 815 1130 sub
832 1081 972 1152 pectore
990 1063 1136 1130 honesta
1155 1061 1286 1140 notavi,

344 1231 521 1322 Sacrilego
542 1232 718 1323 geminata
738 1254 844 1299 manu
869 1239 888 1300 ¹.
910 1231 978 1302 Cui
998 1233 1181 1321 proximus
1198 1234 1285 1300 alter

343 1401 407 1469 Vir
424 1402 621 1469 cernendus
638 1419 711 1468 erat
728 1401 861 1484 senior,
881 1401 1081 1492 similisque
1102 1403 1258 1491 precanti

347 1570 546 1643 Submissis
565 1570 718 1658 genibus
739 1570 905 1639 tendebat
922 1571 1058 1639 lumina
1079 1574 1186 1640 coelo

346 1741 506 1809 Mirabar
526 1742 642 1808 vultus
661 1741 766 1809 mixta
787 1741 956 1832 gravitate
977 1741 1149 1832 benignos

345 1914 462 1998 Atque
480 1910 587 1977 decus
606 1908 731 1977 frontis
748 1911 828 2000 plus
845 1933 953 1998 quam
970 1912 1133 1992 mortale,
1155 1911 1234 2001 quis
1252 1928 1342 1978 esset

347 2079 499 2162 Inscius,
517 2078 705 2169 ancipitem
724 2101 838 2169 quum
858 2079 907 2148 sic
924 2081 1049 2148 affatur
1065 2080 1204 2150 Onias:

343 2249 451 2318 «Hic
472 2247 529 2316 ille
547 2265 610 2327 est,
629 2267 862 2317 monumenta
878 2248 930 2316 sui
950 2249 1010 2338 qui
1030 2271 1155 2339 magna
1175 2249 1329 2339 reliquit,

342 2418 419 2487 Ora
440 2420 536 2486 Deus
553 2417 729 2505 siquidem
749 2417 860 2486 movit
877 2436 1024 2486 ventura
1041 2420 1194 2498 canenti,

348 2588 514 2655 Ieremias
531 2605 674 2654 noster:
697 2586 846 2655 multum
865 2587 907 2670 is,
929 2588 1012 2655 dum
1033 2587 1102 2655 vita
1120 2589 1297 2664 manebat,

347 2756 419 2824 Pro
437 2756 570 2846 populo
587 2755 724 2845 pietatis
741 2777 864 2824 amans
880 2755 994 2824 oravit
1010 2775 1043 2824 et
1060 2757 1153 2844 egit,

348 2924 468 2992 Prisca
487 2946 551 2991 nec
569 2922 738 2992 exstincto
753 2924 796 2992 de
814 2923 914 2992 vobis
929 2947 1012 2992 cura
1031 2925 1194 3006 recessim

346 3094 525 3164 Consessu
543 3095 602 3161 sed
620 3093 715 3161 enim
735 3111 874 3183 patrum
894 3093 1109 3161 iustissimus
1126 3117 1220 3162 unus

346 3261 512 3331 Assiduis
530 3282 661 3328 numen
682 3261 773 3329 votis
793 3261 1025 3350 precibusque
1043 3283 1237 3350 supernum

348 3428 525 3500 Conciliat
542 3429 647 3519 plebi.
667 3457 687 3494 ›>
712 3428 816 3518 Quae
835 3447 1021 3519 postquam
1044 3430 1150 3498 verba
1168 3432 1332 3498 sacerdos

347 3599 513 3682 Protulit,
536 3601 619 3668 haec
637 3602 679 3668 ad
698 3623 755 3668 me
772 3618 867 3668 vates
885 3599 981 3668 dedit
1000 3623 1079 3668 orsa
1098 3599 1252 3668 vicissim
1272 3627 1279 3666 :

347 3768 436 3835 «En
456 3789 540 3856 cape
561 3768 700 3835 coelesti
719 3768 872 3837 delatum
894 3789 1026 3835 munus
1043 3769 1087 3835 ab
1105 3790 1196 3850 arce,

347 3935 437 4024 Quo
454 3937 562 4003 semel
581 3936 768 4018 accinctus,
788 3937 886 4004 nullo
905 3935 1079 4003 violabilis
1101 3935 1182 4014 ictu,

348 4103 456 4192 Quae
474 4125 536 4171 vos
555 4127 666 4194 usque
683 4123 842 4188 manent,
862 4125 1002 4194 pugnas
1021 4104 1171 4172 invictus
1188 4103 1316 4173 obibis.
1334 4131 1354 4167 »

346 4273 450 4340 Talia
471 4274 641 4341 Ieremias
658 4291 705 4356 et,
723 4297 827 4363 quem
851 4297 913 4341 sua
931 4274 1050 4341 dextra
1068 4272 1224 4364 gerebat,

415 4628 424 4660 ¹
444 4629 577 4683 lllachab.
598 4629 632 4683 ll,
647 4645 673 4698 4,
688 4630 731 4698 34.
