3970 5580
1005 584 1155 629 tumtun

581 757 846 846 Oenopborum
865 756 1085 845 plenumque
1105 774 1217 824 utrem
1239 755 1399 822 flaventis
1416 755 1514 831 olivi,

580 927 738 995 Coctana
759 943 847 993 tosta
867 925 988 1006 simul,
1010 947 1138 1013 panem
1158 924 1328 1012 lactisque
1346 924 1453 991 coacti

580 1095 781 1164 Candentes
799 1094 932 1184 glebas,
952 1094 987 1161 in
1007 1095 1166 1182 quinque
1187 1093 1318 1160 cibaria
1337 1093 1443 1160 luces.

626 1263 781 1352 Dispulit
797 1281 834 1330 ut
852 1263 951 1330 coelo
969 1263 1086 1329 stellas
1105 1285 1232 1330 aurora
1251 1263 1433 1338 micantes,

583 1433 766 1501 Excedunt
784 1431 914 1519 pariter
931 1431 1041 1512 tectis,
1066 1449 1258 1520 portaeque
1278 1431 1532 1520 propinquant,

581 1599 791 1690 Composito
810 1598 919 1669 Ozias
936 1622 1042 1688 quam
1065 1617 1148 1666 tunc
1166 1599 1314 1665 statione
1333 1617 1458 1666 tuetur.

585 1768 774 1837 Munditiis
795 1786 911 1857 stupet
929 1768 984 1834 ille
1003 1767 1104 1834 novis
1125 1769 1306 1856 deceptus,
1326 1785 1358 1835 et
1376 1768 1468 1835 ultro

584 1939 784 2028 Compellat
804 1939 987 2005 dominum
1005 1965 1012 2004 ε
1033 1938 1143 2006 velata
1163 1939 1248 2004 baec
1267 1937 1423 2004 vestibus
1440 1960 1501 2005 ora

588 2105 739 2196 Detegit,
758 2106 991 2195 exhibeatque
1009 2107 1115 2174 fidem
1136 2106 1221 2195 petit
1239 2106 1360 2192 agnita
1378 2107 1480 2196 pacti.

585 2273 808 2364 Obsequitur
826 2275 957 2355 senior,
976 2297 1167 2363 secumque
1186 2276 1319 2342 volutat
1337 2274 1486 2342 amictus

583 2444 684 2532 Quid
703 2443 769 2510 sibi
793 2445 976 2532 praedives
995 2444 1076 2511 velit
1096 2463 1266 2532 auctaque
1287 2444 1396 2532 gratia
1414 2443 1553 2526 frontis

584 2612 685 2700 Quid
703 2612 844 2680 comitis
864 2613 952 2680 fidae
970 2635 1060 2701 quae
1078 2614 1207 2702 pendet
1224 2613 1360 2680 sarcina
1377 2612 1478 2679 collo.

587 2783 780 2850 Discedunt
802 2781 932 2848 bifores
951 2800 1086 2849 versato
1104 2782 1248 2849 cardine
1268 2782 1400 2862 valvae,

584 2955 699 3038 Atque
720 2969 813 3038 patet
832 2950 920 3018 liber
937 2969 1102 3039 superato
1121 2950 1245 3032 limine
1262 2951 1382 3018 clivus.

586 3119 653 3186 Vix
671 3118 830 3209 profugis
850 3136 988 3186 tantum
1010 3119 1111 3209 spatii
1132 3137 1209 3207 post
1226 3137 1321 3208 terga
1340 3119 1502 3187 relictum

587 3287 697 3354 Missa
716 3287 802 3354 levis
819 3310 928 3354 cornu
946 3307 1120 3376 quantum
1139 3288 1344 3355 transmittit
1361 3289 1512 3368 arund0,

587 3457 631 3524 Et
647 3455 773 3545 globus
790 3456 944 3524 occurrit
962 3457 1130 3542 vigilum,
1153 3457 1409 3546 dominamque
1427 3457 1582 3546 priorem

585 3624 685 3695 State
705 3624 814 3707 iubet,
834 3625 1019 3713 spissaque
1041 3626 1170 3713 premit
1183 3626 1317 3693 circum
1336 3627 1494 3714 undique
1507 3626 1625 3709 turbu,

589 3795 643 3862 Ne
662 3793 732 3861 fors
751 3793 884 3879 effugio
902 3814 1048 3881 quaerat
1065 3796 1238 3883 deprensa
1257 3795 1420 3872 salutem,

587 3961 791 4050 iniectaque
813 3983 920 4028 manu
941 3961 1066 4051 capitis
1084 3962 1258 4030 velamina
1276 3963 1379 4030 miles

588 4130 771 4198 Detrahit:
793 4149 831 4198 ut
848 4130 960 4219 patuit
979 4129 1095 4212 facies,
1119 4154 1184 4199 vox
1203 4155 1273 4199 una
1292 4155 1354 4220 per
1375 4155 1501 4222 agmen
1520 4159 1527 4199 :

584 4318 604 4360 «
620 4295 701 4384 lpsa
718 4295 795 4386 capi
815 4314 965 4385 poscunt
982 4297 1068 4364 tales
1086 4320 1175 4386 quae
1198 4300 1337 4365 moenia
1356 4298 1486 4366 formas

585 4468 791 4547 Asservant‚
812 4466 1062 4554 spondentque
1084 4466 1168 4534 viris
1185 4490 1224 4534 ea
1243 4468 1398 4556 praemia
1418 4491 1605 4558 pugnae.»

585 4631 705 4720 «Quo
723 4633 838 4716 citius,
858 4633 907 4700 sic
926 4633 982 4700 ilia
1007 4633 1134 4724 inquit,
1154 4636 1296 4703 victoria
1318 4637 1418 4703 vobis
