3972 5654
430 1193 828 1306 CONSILIUM
869 1193 1326 1306 PRAECLARUM

380 2029 562 2117 Quattuor
577 2051 709 2097 oceano
728 2029 873 2098 iuvenes
894 2031 981 2097 ratis
999 2051 1068 2098 una
1087 2030 1252 2112 vehebat,

424 2197 701 2288 Contigeratque
732 2198 815 2266 viris
832 2199 923 2266 culta
945 2199 1061 2288 puella
1082 2220 1212 2266 comes.

379 2371 434 2435 An
453 2367 558 2434 facies
578 2367 728 2448 subitos,
747 2389 790 2434 an
809 2369 874 2435 dos
890 2367 1088 2436 accenderit
1105 2385 1237 2448 aestus,

422 2534 645 2624 Ambiguum
664 2553 738 2602 est:
761 2535 857 2602 illam
875 2535 1055 2625 deperiere
1077 2536 1195 2604 simul.

328 2780 337 2790 ,
370 2705 562 2792 ΔΑςεεόυηῑ
576 2702 718 2793 pariter,
737 2704 868 2794 pariter
885 2704 1064 2772 connubia
1081 2721 1243 2793 poscunt,

423 2871 540 2960 Seque
562 2871 628 2962 ipsi
647 2872 801 2941 famulos
821 2891 961 2962 tempus
978 2873 1014 2941 in
1032 2895 1140 2940 omne
1159 2891 1299 2941 vovent.

380 3039 538 3130 Respicit
558 3042 623 3108 hos
640 3059 744 3130 atque
763 3042 827 3109 hos
844 3064 914 3108 non
934 3060 1034 3110 torvo
1053 3042 1188 3109 lumine
1209 3041 1321 3132 virgo,

424 3210 467 3278 Et
484 3209 621 3277 dubitat
637 3210 754 3278 solum
773 3233 879 3300 quem
901 3210 1032 3299 quibus
1052 3210 1233 3278 anteferat.

378 3377 532 3446 Adiuvat
549 3395 582 3446 et
599 3378 711 3446 forma
729 3396 762 3446 et
778 3378 891 3446 dulcis
911 3378 1076 3447 facundia
1093 3400 1271 3468 quemque
1291 3405 1298 3444 :

423 3544 589 3635 Quisque
611 3548 734 3636 piacet,
753 3547 865 3616 cuivis
882 3547 1021 3615 aemula
1038 3547 1141 3616 turba
1161 3564 1273 3614 nocet.

378 3715 589 3783 Consultare
607 3737 729 3783 senem
747 3716 903 3806 lepidum
923 3715 1096 3784 sententia
1118 3715 1243 3805 surgit,

422 3884 667 3954 Commissum
686 3885 784 3952 navis
801 3885 855 3952 cui
878 3885 1106 3953 moderamen
1129 3901 1213 3952 erat.

380 4053 487 4120 Hunc
506 4052 591 4136 adit,
612 4071 670 4120 et:
693 4053 886 4141 «Quando
907 4075 977 4120 non
1000 4071 1120 4120 auctor
1141 4052 1282 4142 ineptus
1306 4051 1464 4136 haberis,

422 4219 593 4289 Consiliis
610 4239 748 4310 praesto
766 4221 814 4288 mi
833 4243 955 4310 precor
975 4242 1048 4288 esse
1068 4221 1165 4287 velis.

381 4388 439 4456 Bis
455 4388 527 4456 duo
544 4409 602 4455 me
620 4388 765 4456 iuvenes
783 4388 868 4456 festa
886 4388 952 4456 sibi
972 4387 1116 4479 iungere
1130 4388 1229 4455 taeda

423 4557 598 4646 Exoptant
616 4555 758 4640 misere,
776 4579 867 4646 quos
885 4557 967 4624 ratis
986 4557 1048 4623 istu
1067 4555 1176 4644 capit.

1273 4662 1304 4710 ro
