3936 5578
806 549 941 594 ESTHER

288 724 407 791 Huius
424 741 547 804 erant3
568 722 681 790 David
700 724 760 791 sed
777 740 966 812 postquam
984 723 1144 791 contudit
1160 723 1270 791 armis

286 891 454 961 Infestam
474 892 649 960 Hebraeis
666 892 811 980 antiqua
830 893 873 958 ab
890 892 1027 983 origine
1045 893 1195 982 prolem,

272 1061 451 1158 ¹Emathia
469 1062 635 1129 immotas
655 1061 818 1151 profugis
835 1062 932 1130 dedit
949 1061 1090 1151 hospita
1108 1063 1219 1129 sedes.

287 1231 383 1300 Hinc
400 1254 450 1315 se,
469 1253 533 1298 nec
550 1231 650 1313 falso,
670 1232 698 1297 is
717 1232 895 1298 Macetum
913 1231 956 1298 de
978 1231 1086 1321 stirpe
1103 1229 1260 1313 ferebat3

289 1402 407 1489 thue
425 1418 497 1468 erat
516 1399 709 1467 immodico
730 1399 890 1467 tumidus
908 1399 1112 1488 praecordia
1132 1399 1235 1480 fastu,

283 1571 383 1638 Atria
400 1569 609 1637 lustrantem
631 1569 736 1660 regiS,
758 1569 866 1636 -sic
885 1569 959 1658 ipse
979 1569 1131 1650 volebat,
1151 1611 1193 1618 —

285 1738 416 1808 Omnis
432 1738 603 1808 adorabat
620 1756 795 1828 prostrato
813 1760 959 1827 corpore
978 1738 1093 1805 turba.

330 1907 487 1996 Imperio
502 1908 599 1974 solus
616 1906 715 1975 fortis
734 1929 856 1996 parere
875 1924 1010 1975 recusat

286 2075 537 2159 Mardocheus,
557 2098 620 2143 nec
637 2075 707 2166 agit
726 2093 868 2142 ventosa
887 2075 1054 2164 superbia
1076 2093 1230 2142 mentem
1249 2099 1258 2157 3

286 2244 428 2312 Mortnli
445 2246 504 2312 sed
524 2244 619 2312 enim
638 2244 774 2312 cultum
792 2243 928 2311 deferre
950 2262 1102 2326 veretur,

286 2412 406 2501 Quem
426 2413 551 2481 mundi
574 2431 667 2481 sator
682 2412 912 2502 omnipotens
929 2411 994 2479 sibi
1016 2413 1168 2479 vindicat
1186 2412 1260 2479 uni.

285 2581 406 2653 Saevit
421 2587 538 2651 Aman
558 2582 664 2650 veluti
684 2600 837 2672 spretus,
856 2604 1030 2670 caecoque
1048 2580 1165 2648 furore

287 2751 447 2819 Percitus
465 2751 611 2818 insidias
630 2751 721 2819 hosti
740 2749 929 2818 meditatur
945 2776 954 2834 ς
973 2769 1007 2817 at
1024 2771 1138 2817 unum

285 2919 438 2989 Perdere
457 2943 528 2988 non
547 2920 630 2988 satis
648 2939 698 2987 est
714 2945 721 2986 :
741 2920 922 2987 communi
943 2919 1123 2986 involvere
1142 2919 1209 2984 leto

285 3089 448 3157 invisum
469 3109 584 3174 genus
604 3107 637 3155 et
653 3089 749 3178 largo
767 3106 833 3155 stat
850 3087 1026 3173 sanguine
1046 3086 1178 3176 priscas

288 3257 416 3327 Ulcisci
435 3257 575 3338 clades3
595 3257 717 3324 animo
735 3259 885 3324 necdum
905 3255 1032 3323 excidit
1047 3277 1152 3345 aegro

287 3425 459 3494 Numinis
476 3424 604 3493 infensi
624 3447 777 3514 proavus
795 3425 975 3516 iugulatus
994 3426 1036 3492 ad
1055 3447 1152 3492 aram
1177 3431 1198 3490 1.

287 3596 369 3662 Non
388 3617 508 3662 aversa
527 3595 591 3663 viri
611 3612 752 3662 cautum
772 3593 944 3661 sententia
963 3593 1050 3660 fallit

286 3763 440 3831 lairiden
460 3790 466 3830 :
489 3763 617 3831 studiis
635 3786 717 3852 ergo
736 3763 771 3830 in
789 3761 963 3829 contraria
986 3762 1094 3828 versis

286 3932 426 4000 Intento
446 3955 521 3999 sese
543 3954 605 4022 per
621 3950 746 3999 mutua
767 3931 902 3998 lumine
920 3947 1073 4012 servant,

285 4101 538 4191 Vestigantque
557 4100 673 4168 aditus
692 4100 822 4182 faciles,
842 4100 916 4166 locu
935 4099 1154 4188 permutem,

285 4271 490 4355 Congressu
509 4269 641 4336 iustum
664 4268 781 4335 veniat
798 4269 884 4336 dum
904 4287 1044 4356 tempus
1065 4285 1198 4356 upertO.

395 4628 400 4655 ¹
423 4625 492 4678 Vide
508 4625 618 4694 Regum
635 4625 655 4677 1.
677 4625 714 4688 15,
731 4625 774 4678 33.
