3970 5580
809 585 958 629 tUDITHn

387 753 563 824 Obsessos
581 773 746 845 torquent
764 755 862 845 inopi
881 755 1014 823 ieiunia
1034 757 1126 824 victu
1145 759 1156 824 i

387 922 532 1012 Septem
551 923 669 991 abiere
686 924 762 991 dies
780 946 820 991 ex
837 947 908 1012 quo
927 947 996 991 non
1017 925 1112 993 arida
1131 926 1245 993 dulcis

386 1091 519 1161 Colluit
536 1115 595 1160 ora
614 1093 716 1174 latex,
737 1115 799 1160 nec
817 1094 945 1161 adorea
967 1115 1115 1160 munera
1135 1113 1279 1162 norunt.

386 1262 464 1330 Vidi
482 1281 635 1352 egomet,
655 1262 724 1329 vidi
745 1279 871 1329 stratos
896 1285 958 1351 per
972 1263 1126 1351 compita
1145 1262 1275 1351 passim

388 1431 575 1521 Exspirare
595 1431 768 1514 animam,
787 1454 850 1498 nec
867 1432 965 1499 adest
982 1432 1042 1520 qui
1061 1454 1208 1520 corpora
1226 1451 1323 1500 curer

386 1601 528 1669 Tollere
547 1602 671 1684 hum0‚
691 1618 723 1668 et
740 1601 912 1667 miserans
930 1600 1046 1690 patrio
1067 1602 1234 1668 mandare
1253 1603 1429 1689 sepulcro,

388 1772 494 1838 Nunc
511 1770 593 1859 quia
612 1770 734 1858 sasque
749 1768 916 1858 nefasque
934 1791 1057 1858 exspes
1071 1768 1261 1837 confundit
1278 1788 1431 1861 egestas,

387 1939 516 2006 Addita
534 1937 744 2006 criminibus
762 1960 804 2005 ne
821 1937 937 2005 desint
953 1937 1101 2005 crimina
1123 1937 1260 2028 priscis,

388 2108 526 2175 incesto
544 2108 721 2197 pecudum
741 2125 936 2175 statuerunt
954 2107 1133 2193 sanguine
1150 2107 1256 2188 vesci,

389 2278 432 2344 Et
449 2299 537 2364 quas
556 2278 607 2343 vel
627 2276 795 2343 manibus
814 2276 961 2343 vetitum
978 2293 1123 2343 tractare
1141 2275 1312 2364 profanis,

389 2444 570 2512 Primitias
591 2444 733 2536 frugum
753 2467 867 2512 sacras
884 2445 1081 2512 convellere
1100 2466 1235 2512 morsu.

389 2614 504 2681 ldciro
523 2615 619 2681 Deus
637 2613 782 2681 infidam
800 2613 863 2681 tibi
882 2615 1018 2681 tradere
1036 2629 1177 2703 gentem

389 2782 582 2852 Constituit
600 2800 730 2865 noster,
747 2782 807 2871 qui
825 2799 996 2871 temperat
1014 2781 1135 2848 omnia
1155 2799 1259 2864 nutu,

390 2953 463 3020 Rex
481 2973 621 3042 regum,
643 2950 768 3019 mundi
788 2968 882 3018 sator
899 2968 1004 3038 atque
1024 2970 1164 3017 aeterna
1182 2967 1349 3038 potestas,

387 3120 508 3208 Quem
528 3121 631 3188 velte
651 3138 832 3209 praesente
850 3138 966 3186 metus
989 3120 1160 3186 immunis
1182 3119 1303 3186 adoro,

390 3290 455 3357 lllo
472 3307 613 3358 auctore
631 3312 713 3356 suae
734 3287 811 3354 veni
830 3288 893 3356 tibi
919 3289 1043 3356 nuntia
1065 3287 1195 3355 mentis

387 3464 504 3548 Atque
523 3458 684 3526 ministra
707 3459 834 3526 simul:
855 3480 965 3546 quare
987 3480 1030 3524 ne
1049 3479 1174 3545 respue
1193 3477 1312 3523 servae

389 3628 506 3696 Verba
524 3645 616 3696 tuae.
638 3627 904 3695 Promissorum
925 3627 953 3692 si
976 3626 1079 3693 vilior
1097 3624 1201 3692 obses

391 3795 472 3862 Visa
490 3818 569 3886 ego,
589 3819 669 3862 mox
689 3795 832 3862 dabitur
850 3796 979 3885 pignus
999 3794 1163 3863 Bethulia
1183 3793 1393 3883 superbum.

391 3966 465 4032 larn
489 3964 573 4032 milti
594 3987 656 4054 per
673 3964 858 4054 Solyrnam
877 3963 999 4032 videor
1018 3965 1227 4053 praecedere
1247 3985 1371 4030 currus

392 4139 497 4203 Laeta
515 4153 608 4218 tuos,
626 4133 850 4226 gemitusque
873 4133 964 4201 inter
985 4132 1217 4220 lacrimasque
1235 4153 1396 4199 meorum

391 4305 537 4375 Clarum
561 4306 731 4372 llosanna
753 4303 816 4371 tibi
836 4303 968 4370 Iudaeo
985 4302 1133 4369 fundere
1155 4300 1233 4369 ritu.

390 4473 445 4539 Ad
463 4470 553 4539 ferra
571 4470 662 4538 bella
684 4469 781 4538 rudis
799 4491 870 4558 quo
891 4491 1028 4557 sperem
1049 4467 1187 4534 vincere
1206 4483 1306 4556 pacto

391 4639 579 4728 inceptum
597 4661 640 4704 ne
658 4659 809 4726 quaere:
830 4637 997 4724 viamque
1015 4637 1235 4723 modumque
1250 4635 1420 4717 docebor,
