3928 5580
657 1165 1038 1296 SlssYLLn

301 2083 385 2154 Otia
405 2083 531 2151 festivo
550 2083 676 2152 ludens
694 2106 806 2174 quum
826 2085 968 2174 publica
986 2106 1089 2152 versu

256 2259 373 2342 Atque
391 2271 471 2320 tuae
489 2253 599 2320 cecini
618 2253 771 2344 genialia
793 2253 924 2340 gaudia
943 2225 1069 2344 plebis,

258 2422 398 2510 impare
421 2421 473 2488 vel
492 2421 596 2489 libuit
611 2445 726 2512 quutn
744 2422 834 2490 bella
857 2422 1025 2490 invadere
1042 2421 1186 2512 plectr0,

255 2591 307 2657 Te
326 2607 479 2673 nostrae,
500 2589 665 2680 quamvis
682 2589 794 2668 tenui,
818 2589 881 2658 Pie
898 2589 1065 2673 maxime,
1084 2589 1209 2656 Musae

257 2757 455 2828 Subrisisse
471 2758 601 2826 ferunt.
623 2759 747 2826 Vatenr
766 2758 794 2826 si
816 2759 908 2827 sarna
926 2758 1061 2840 fefellit,

258 2927 361 2994 Hanc
380 2926 481 2994 liceat
499 2927 627 2996 fovisse
645 2946 785 2995 tamen:
804 2927 859 2994 sin
878 2949 972 3010 vera,
989 2927 1169 2998 Camenae

257 3095 327 3162 Des
348 3095 480 3163 iterum
499 3095 655 3180 veniam,
674 3095 802 3182 grandi
819 3118 933 3186 quum
954 3095 1034 3164 nixa
1051 3097 1226 3164 cothurno

257 3260 397 3330 Difficili
417 3263 508 3331 male
527 3263 628 3331 firma
646 3263 774 3354 premit
795 3264 940 3354 vestigia
961 3264 1058 3332 calle.

298 3431 455 3499 Vellerat
477 3432 638 3500 Euboico
655 3433 855 3503 Cumarum
873 3433 917 3501 ab
936 3432 1035 3501 litore
1053 3431 1173 3500 funem

255 3599 388 3667 Troius
406 3600 549 3684 AEneas‚
568 3604 771 3691 Austroque
789 3599 921 3669 ferente
939 3623 1124 3691 supremos

255 3768 443 3837 Tendebat
458 3792 596 3852 cursuS,
617 3769 684 3837 sibi
702 3770 820 3839 debita
838 3792 943 3860 regna
960 3792 1159 3861 capessens,

255 3940 302 4004 At
315 3938 442 4026 procul
459 3960 478 4004 e
496 3939 644 4028 scopulo
661 3937 799 4006 Phoebi
818 3938 1018 4006 veneranda
1036 3940 1198 4006 sacerdos

258 4104 493 4194 Prosequitur
513 4129 654 4196 puppes
673 4107 745 4174 acie
763 4131 772 4188 ς
792 4123 901 4194 utque
923 4105 1118 4173 immobilis
1139 4129 1211 4174 uno

257 4273 391 4340 Haeret
408 4272 442 4341 in
462 4275 601 4358 obtutu,
618 4297 701 4342 saxo
718 4272 870 4342 subnixa
887 4273 1028 4365 rigenti,

257 4439 369 4511 Saxea
386 4440 461 4509 visa
482 4442 584 4525 foret,
601 4442 745 4511 turbent
764 4442 831 4510 nisi
850 4442 993 4510 flamina
1010 4466 1116 4511 canos

258 4609 302 4676 Et
318 4609 444 4700 capitis
462 4610 576 4694 vittas,
594 4610 706 4680 oculis
724 4611 791 4680 nisi
813 4611 943 4702 fulgeat
963 4612 1067 4679 ardor
