3936 5578
1066 560 1159 604 niusa

616 732 795 800 Barbarus
813 731 871 799 ille
891 731 993 814 milri,
1017 733 1104 799 vatis
1122 755 1237 822 neque
1257 734 1402 800 nomine
1419 733 1565 823 dignus,

660 902 830 970 Carmina
846 901 908 989 qui
929 925 1049 968 vecors
1068 901 1215 968 utilitate
1234 902 1370 991 probat.

614 1070 767 1139 Assidue
787 1069 850 1137 tibi
869 1071 964 1158 quod
987 1070 1120 1158 rumpit
1138 1071 1253 1137 malus
1272 1071 1329 1137 ilia
1349 1072 1450 1154 livor,

658 1240 855 1330 Arguimur
873 1259 993 1329 pectus
1013 1240 1092 1306 selle
1109 1258 1246 1308 tumere
1270 1242 1384 1332 nigro.

615 1409 755 1482 Scilicet
773 1409 965 1477 admittunt
983 1411 1155 1499 probrum
1174 1411 1412 1498 quodcunque
1430 1429 1565 1499 poetae,
1614 1501 1620 1511 Ι

662 1580 737 1647 Nos
754 1578 838 1646 vitio
857 1579 995 1668 lingunt
1013 1602 1082 1645 non
1101 1579 1256 1646 caruisse
1278 1579 1366 1668 pari.

614 1748 759 1818 Caetera
779 1770 849 1816 non
869 1749 997 1838 dignor
1014 1768 1213 1816 commenta
1234 1747 1403 1828 refellere,
1426 1771 1516 1838 quae
1533 1771 1598 1816 nos

662 1918 771 1984 ldalia
790 1938 934 1984 narrant
954 1918 1141 1984 incaluisse
1164 1917 1249 1984 lace,

616 2088 713 2169 Non,
731 2108 824 2166 reor,
848 2087 911 2154 ista
930 2086 1027 2153 dedit
1045 2086 1148 2154 fallax
1167 2089 1380 2154 documenta
1399 2091 1592 2177 Pyreneus,

660 2254 734 2342 Qui
754 2272 874 2343 stupra
893 2256 979 2322 dum
1001 2273 1130 2344 sperat,
1149 2278 1295 2344 corpore
1315 2255 1449 2345 planxit
1471 2256 1636 2322 humum.

615 2423 719 2492 Casta
737 2425 881 2490 trahunt
898 2425 1044 2491 Musas:
1066 2426 1187 2512 procul
1207 2424 1288 2491 hinc
1309 2443 1431 2507 estote,
1452 2423 1587 2513 procaci

660 2590 764 2679 Quos
782 2591 878 2659 iuvat
896 2591 1024 2659 invitas
1042 2615 1105 2659 nos
1126 2592 1293 2660 adhibere
1313 2594 1401 2660 ioco.

616 2760 779 2840 Delicias,
799 2761 909 2829 fateor
926 2761 1072 2828 stolidae
1092 2763 1355 2828 contemnimus
1375 2762 1483 2840 urbis,

660 2928 815 2999 Odimus
833 2947 866 2997 et
882 2930 1004 2997 turbas
1023 2931 1320 3019 raucisonumque
1337 2934 1454 2998 forum
1471 2956 1480 3013 ς

618 3100 690 3166 Nec
713 3099 869 3189 Phrygio
887 3099 990 3165 nobis
1008 3118 1157 3188 surgunt
1174 3099 1217 3166 de
1239 3122 1415 3167 marmore
1432 3116 1532 3180 tecta,

661 3270 756 3335 Dum
775 3268 866 3353 rigui
890 3268 1003 3335 fontes
1021 3286 1192 3356 antraque
1211 3270 1283 3336 sola
1316 3270 1466 3357 placent.

615 3437 684 3508 Sed
702 3436 765 3503 tibi
787 3454 880 3503 tanta
899 3455 1044 3503 movent
1063 3437 1171 3504 nostri
1193 3437 1220 3504 si
1240 3439 1352 3504 taedia
1371 3438 1494 3519 saltuS,

659 3606 743 3693 Qua
763 3623 900 3694 repetas
918 3605 1057 3684 urbem,
1081 3606 1203 3673 semita
1221 3607 1330 3673 multa
1350 3625 1453 3696 patet.

616 3777 699 3843 Non
718 3774 773 3841 hic
796 3775 993 3842 Daedaleus
1010 3774 1108 3841 labor
1126 3794 1185 3842 aut
1201 3775 1360 3843 custodia
1380 3776 1511 3843 claudit

660 3943 840 4033 Effugiant
861 3970 867 4009 :
889 3965 950 4031 per
969 3960 1077 4010 metu
1099 3943 1206 4009 modo
1225 3944 1313 4010 libet
1333 3943 1402 4010 abi.
1421 3969 1441 4008 »

614 4111 673 4183 Sic
690 4111 789 4178 effata
808 4113 1005 4200 pedemque
1024 4110 1140 4192 refert,
1163 4110 1311 4200 visuque
1333 4112 1499 4201 relinquit

658 4281 872 4361 Attonitum,
893 4279 959 4347 vati
978 4280 1062 4346 dum
1083 4298 1205 4368 stupor
1225 4304 1285 4348 ora
1308 4281 1448 4369 premit.

616 4451 665 4518 Ut
682 4449 784 4516 rediit
806 4471 944 4530 sensuS,
969 4449 1077 4536 raptis
1098 4471 1116 4514 a
1135 4449 1247 4516 fronte
1265 4450 1459 4534 corymbis,

657 4645 677 4681 «
693 4625 903 4695 Aeternum,
923 4616 1009 4697 dixi,
1030 4617 1120 4695 vive,
1140 4619 1312 4698 Camena,
1336 4620 1421 4684 vale.
1441 4623 1447 4684 l
1464 4645 1485 4683 ›>
