3972 5654
482 449 547 514 316
924 469 970 513 an
992 469 1133 514 uuonan
1152 469 1214 513 xrrr

528 641 642 730 Quid,
664 641 804 722 stolide,
824 641 967 708 insanae
986 641 1091 708 iactas
1112 641 1254 708 oracula
1275 641 1403 731 piebis,

573 810 695 898 Quam
717 809 803 876 levis
821 809 888 878 huc
906 809 989 877 illuc
1003 809 1181 898 quaelibet
1197 832 1281 877 aura
1301 813 1443 878 movet?

525 977 680 1068 Adspice
698 1000 805 1067 quam
824 999 933 1068 parvo
951 996 1134 1046 mutentur
1149 996 1307 1067 tempore
1326 995 1449 1056 sortes,

574 1147 724 1235 Quaeve
741 1146 785 1214 sit
805 1147 974 1214 humanis
992 1147 1097 1215 rebus
1118 1147 1278 1214 habenda
1297 1148 1397 1215 fides.

526 1315 708 1386 Occubuit
725 1317 834 1404 quina
852 1314 1006 1383 faustum
1025 1315 1087 1382 tibi
1104 1315 1250 1405 cuspide
1272 1315 1384 1396 sidus,

574 1483 728 1573 Solaque
747 1507 809 1574 pet
829 1502 969 1552 noctem
987 1485 1084 1552 steila
1104 1483 1235 1551 nefasta
1252 1485 1369 1552 micat.

532 1652 726 1720 Exululant
746 1653 893 1741 plateae,
915 1651 1094 1740 saevitque
1117 1652 1272 1742 ignobile
1291 1653 1430 1742 vulgus,

577 1820 801 1888 Massiliense
819 1820 885 1888 viis
902 1842 1043 1890 carmen
1064 1820 1197 1910 ubique
1215 1839 1327 1888 sonat.

531 1990 629 2056 Haec
647 1989 704 2056 illa
723 2007 773 2056 est
790 2011 893 2078 quae,
913 2007 944 2056 te
964 1989 1099 2057 facinus
1118 1989 1270 2079 patiente
1288 1989 1498 2072 nefandum,

576 2157 722 2225 Miscuit
742 2159 925 2247 exsequias
943 2176 1027 2226 tetra
1046 2175 1182 2225 caterva
1203 2157 1269 2225 Pii.

528 2327 707 2394 Turbatas
726 2327 840 2394 viden'
863 2345 899 2394 ut
920 2327 1066 2394 volitant
1086 2326 1208 2394 vexilla
1232 2349 1292 2415 per
1310 2349 1427 2408 auras,

578 2495 807 2585 Exitiumque
829 2495 891 2562 tibi
911 2495 1018 2563 tincta
1039 2496 1167 2564 rubore
1185 2497 1335 2585 paranti

531 2663 681 2754 Proripe
698 2682 743 2745 te,
765 2665 852 2732 durn
869 2663 936 2731 fata
957 2663 1092 2746 sinunt,
1111 2664 1298 2753 alienaque
1317 2665 1437 2753 linque

575 2833 694 2901 Atria:
715 2832 874 2901 funestus
893 2832 1035 2923 regibus
1056 2835 1119 2900 iste
1137 2834 1242 2901 color.

532 3003 708 3091 Expresso
726 3002 774 3069 sic
792 3003 884 3069 mala
902 3019 1021 3070 carent
1037 3025 1149 3090 quum
1165 3003 1271 3069 citrea
1293 3025 1411 3080 succ0,

575 3170 752 3238 Abiicitur
769 3192 916 3260 pomum
937 3171 1201 3260 percutiturque
1221 3172 1321 3260 pede.

529 3339 607 3427 Qui
631 3340 722 3407 maie
743 3339 897 3407 disiectis
916 3340 1050 3408 intrasti
1072 3341 1264 3408 moenibus
1284 3363 1414 3422 arcem,

578 3506 701 3595 Quam
720 3508 849 3598 rapias,
870 3510 993 3598 pandit
1012 3528 1111 3597 porta
1132 3510 1266 3577 reclusa
1285 3509 1391 3576 viam.

530 3676 667 3766 Sponte
686 3676 804 3744 labant
822 3677 955 3765 passim
974 3677 1036 3745 tibi
1058 3677 1198 3745 condita
1217 3695 1304 3746 tecta
1321 3678 1535 3745 domorum:

576 3851 729 3914 Aeterna
747 3844 881 3913 subitas
898 3845 996 3914 aufer
1014 3845 1057 3912 ab
1082 3846 1179 3916 Urbe
1196 3869 1315 3925 casas3

530 4019 649 4102 Atque
668 4013 776 4103 patris
793 4013 966 4082 miserum
986 4037 1081 4083 sacra
1100 4037 1182 4104 rape
1201 4014 1308 4084 funus
1325 4015 1369 4082 ab
1387 4017 1494 4083 aede:

579 4181 694 4250 lnficit
710 4200 896 4274 augustam
916 4183 1012 4251 triste
1034 4185 1184 4251 cadaver
1205 4183 1370 4251 humum.

531 4351 703 4419 Vendidit
720 4351 774 4418 hic
795 4351 874 4418 ideo
892 4351 1007 4441 gentis
1024 4352 1200 4420 cunabula
1217 4351 1333 4436 Gallo,

581 4521 629 4590 Ut
645 4537 747 4610 neget
764 4521 932 4588 exstincto
954 4543 1023 4588 non
1044 4543 1105 4588 sua
1124 4538 1217 4588 terra
1235 4521 1367 4589 locum.
