3970 5580
821 559 978 604 SUSANNA

314 731 394 795 Heu
417 729 580 812 miseros,
601 753 753 820 quorum
773 749 910 800 terrena
929 731 1022 799 faece
1039 752 1179 823 gravata

310 887 496 986 Ternpore'
512 923 583 968 non
606 901 678 968 ullo
696 923 797 968 mens
817 901 860 969 ad
880 901 1042 969 coelestia
1060 903 1172 992 surgit
1190 907 1196 968 !

312 1070 432 1136 Donec
451 1069 572 1136 heram
589 1069 763 1136 comitans
780 1091 906 1160 agmen
929 1069 1100 1138 famulare
1118 1089 1249 1154 tuetur,

311 1237 546 1304 Dissimulant
567 1255 776 1328 tantumque
793 1239 913 1328 procul
936 1237 1080 1328 vestigia
1102 1259 1253 1323 servant,

310 1407 421 1495 Inque
440 1406 516 1475 dies
535 1429 625 1475 nova
646 1406 826 1475 sufficiunt
846 1408 1015 1477 alimenta
1036 1408 1159 1478 furori.

308 1575 441 1643 Verum
463 1575 523 1644 ubi
543 1575 658 1666 prima
676 1577 755 1644 data
772 1595 824 1644 est
842 1578 952 1645 solam
972 1577 1125 1668 reperire
1148 1597 1313 1668 potestas,

307 1747 489 1814 Accedunt
509 1762 714 1834 tentantque
733 1746 837 1813 fidem
859 1765 1080 1836 mortemque
1099 1746 1296 1827 minantur,

308 1915 354 1982 Ni
378 1915 460 1982 velit
481 1915 614 1983 incesto
634 1914 759 1982 foedus
780 1932 949 1982 temerare
968 1915 1150 1983 maritum.

308 2087 464 2153 Eventus
482 2086 542 2152 sed
561 2085 657 2152 enirn
679 2102 868 2175 postquam
887 2085 1050 2174 improba
1072 2103 1149 2152 vota
1168 2084 1301 2166 fefellit,

309 2254 435 2322 irritati
454 2255 599 2337 abeunt,
619 2253 779 2343 motique
797 2254 918 2321 dolore
941 2253 1101 2342 repulsae

307 2423 506 2513 iudiciique
524 2440 620 2490 metu
641 2422 846 2493 Susannam
864 2421 1014 2491 crimine
1033 2444 1134 2489 verso

307 2592 459 2659 Perdere
476 2591 706 2659 constituunt.
729 2592 822 2682 Ergo
840 2591 906 2658 sub
928 2612 1032 2658 mane
1052 2589 1195 2668 recenti,

306 2760 472 2851 litigiosa
491 2777 584 2851 patet
601 2781 714 2849 quunt
735 2759 887 2827 discordi
905 2781 984 2826 area
1003 2759 1123 2849 vulga,

304 2930 513 3018 Composito
530 2929 690 3018 arguitur
709 2929 849 2996 sceleris
868 2946 1028 2996 matrona
1051 2927 1223 3017 pudendi.

305 3098 455 3167 Ducitur
473 3098 547 3188 ipsa
565 3097 673 3166 simul
695 3097 817 3165 niveos
835 3114 914 3186 post
934 3112 1029 3187 terga
1049 3096 1194 3164 lacertos

305 3268 345 3334 In
367 3269 525 3334 medium
549 3289 605 3335 rea
627 3266 740 3334 vincta
760 3265 903 3335 sotum:
926 3265 1057 3354 quibus
1076 3264 1134 3332 illa
1153 3264 1332 3332 modestos

304 3436 440 3505 Celavit
458 3436 589 3517 vultus,
608 3435 733 3503 adimit
750 3434 925 3502 velamina
944 3434 1064 3517 iudex,

305 3607 353 3675 Ut
371 3607 423 3673 vel
442 3605 491 3672 sic
508 3605 622 3694 capiat
639 3621 812 3694 spectatae
828 3603 957 3695 gaudia
976 3601 1124 3684 formae,

303 3774 546 3864 impositaque
564 3796 672 3842 manu
689 3773 793 3862 capiti
812 3773 948 3841 iuratus
966 3789 1114 3861 uterque

305 3946 407 4011 Hanc
424 3967 460 4010 se
478 3960 563 4012 teste
582 3942 686 4011 refert
702 3942 877 4009 thalamos
894 3939 1044 4008 violasse
1066 3938 1211 4030 iugales.

305 4115 472 4180 Invenere
491 4113 596 4180 fidem
613 4127 813 4179 commenta
832 4108 1034 4178 auctoribus
1055 4107 1136 4189 illis,

304 4280 546 4369 Unanimique
565 4303 654 4348 sono
673 4319 717 4330 -
738 4278 826 4368 proh
845 4276 1083 4346 lamentabilis
1105 4279 1224 4344 error!
1252 4315 1291 4323 -

303 4449 462 4518 Pendere
481 4449 619 4518 virtutis
637 4469 769 4539 poenas
787 4447 951 4518 Susanna
972 4445 1125 4513 iubetur.

301 4619 499 4690 Admisisse
525 4620 622 4688 nefas
643 4618 882 4708 nequicquam
899 4615 966 4683 tale
990 4631 1175 4704 negantem
