3972 5654
599 558 715 604 ronna
741 557 896 604 rumorus
921 557 1180 603 raaauaruarto
1413 537 1481 620 269

343 731 504 800 Accubat
521 731 604 800 huic
623 755 756 812 socrus,
777 731 971 822 positisque
988 750 1069 798 ante
1086 753 1147 798 ora
1165 729 1304 812 catinis,

392 900 506 991 Eligat
525 923 543 969 e
564 899 686 968 multis
702 898 833 968 fercula
850 918 946 991 grata
966 917 1075 989 rogat.

346 1071 394 1140 Ut
418 1087 500 1138 nato
520 1070 568 1137 sic
585 1069 645 1137 illa
664 1091 757 1138 nuru
774 1069 851 1137 sine
869 1069 938 1137 fine
956 1068 1130 1159 superbit,

390 1239 535 1326 Melque
553 1260 673 1322 suurn,
693 1238 799 1306 vitam
821 1238 1036 1327 deliciasque
1056 1257 1168 1321 vocat,

346 1408 389 1475 Et
411 1407 483 1474 vice
506 1429 727 1488 sermonum,
744 1408 889 1496 -quid
908 1407 1006 1474 enim
1028 1406 1219 1475 iucundius
1237 1405 1307 1473 illis
1326 1407 1336 1473 Ξ
1358 1445 1403 1456 -—

390 1576 498 1644 Plura
521 1577 619 1666 prior
636 1576 775 1667 rogitat,
798 1577 1023 1666 plurimaque
1042 1575 1116 1665 ipsa
1135 1573 1249 1644 refert.

346 1745 415 1814 Per
436 1763 571 1835 septem
592 1764 778 1836 postquam
798 1746 969 1814 celebrata
987 1744 1120 1836 repotia
1139 1745 1247 1826 luces,

388 1914 663 2004 Congressuque
681 1915 803 1983 datum
817 1933 869 1983 est
886 1914 1050 1983 liberiore
1068 1912 1152 1997 frui,

344 2083 546 2173 Compellat
562 2083 701 2174 genitor
720 2102 856 2166 natum,
874 2083 929 2150 cui
950 2109 957 2150 :
980 2109 1000 2146 «
1015 2085 1087 2150 Res
1107 2101 1181 2165 tua,
1197 2082 1295 2164 dicit,

389 2251 549 2339 Quando
567 2251 695 2342 agitur,
715 2274 810 2320 nunc
827 2270 859 2319 te
880 2252 1101 2320 consuluisse
1119 2252 1237 2320 velim.

344 2419 420 2507 Qui
441 2420 550 2508 patris
566 2419 750 2488 absentem
773 2439 805 2486 te
821 2421 1041 2488 conservavit
1058 2420 1186 2502 amoti,

389 2589 551 2657 Praemia
569 2611 658 2676 quae
676 2589 795 2658 comiti
815 2589 1049 2679 persoluenda
1071 2608 1174 2680 putas
1192 2591 1202 2656 ξ
1220 2615 1240 2654 >>

344 2759 460 2827 Natus
476 2759 519 2825 ad
539 2758 647 2825 haec:
670 2757 891 2826 «Praeclara
910 2757 974 2827 viti
995 2757 1023 2825 si
1042 2758 1129 2826 lacta
1148 2759 1330 2840 recordor,

389 2926 476 3015 Quo
493 2949 630 3017 sperem
650 2927 762 3017 pretio
779 2928 925 2998 reddere
947 2948 1049 3017 posse
1068 2928 1208 2995 vicem?

345 3094 558 3184 Susceptum
578 3118 640 3186 per
658 3095 723 3164 iter
738 3114 855 3164 custos
873 3095 962 3164 mihi
984 3097 1076 3164 lidus
1092 3097 1290 3164 adhaerens

391 3265 614 3334 incolumem
632 3265 743 3349 duxit,
762 3264 983 3354 restituitque
1001 3265 1162 3332 domum.

346 3432 466 3503 Huius
486 3455 567 3524 ope,
587 3455 772 3525 aggressus
790 3452 888 3502 vasto
907 3456 962 3502 me
980 3433 1087 3524 piscis
1105 3432 1203 3502 hiatu

391 3602 561 3670 Protinus
584 3601 705 3670 illaeso
726 3603 872 3692 palpitat
891 3619 972 3671 ante
993 3603 1112 3692 pedes.

348 3771 504 3841 Uxorem
524 3769 611 3838 milti
630 3771 688 3838 dat
705 3771 829 3861 grandi
847 3793 928 3839 cum
946 3772 1028 3840 dote
1050 3770 1230 3860 pudicam,

390 3939 496 4026 Quae
514 3961 578 4006 nec
596 3938 700 4029 inops
718 3937 821 4007 nobis
837 3939 1022 4007 infitianda
1040 3938 1138 4008 foret.

295 4127 299 4134 ·
347 4106 627 4196 Obscenumque
645 4107 689 4174 ab
706 4129 745 4174 ea
764 4107 862 4197 pellit
878 4107 1051 4175 divinitus
1073 4108 1225 4191 hostem,

391 4274 466 4363 Qui
486 4276 565 4345 licet
580 4275 711 4344 insonti
729 4297 834 4344 causa
851 4276 998 4365 pudoris
1015 4293 1098 4345 erat.

347 4443 468 4535 Pergit
487 4462 521 4511 et
541 4467 652 4533 usque
672 4445 800 4535 Rages,
823 4443 1016 4534 recipitque
1032 4445 1176 4528 talenta,
1195 4443 1335 4513 Gabelo

392 4613 518 4680 Mutua
536 4635 626 4701 quae
643 4614 803 4698 dederas,
822 4630 855 4680 et
872 4612 959 4681 serat
976 4613 1050 4703 ipse
1068 4612 1167 4703 petit.
