3928 5580
537 467 579 531 52
1064 493 1196 537 uanum

538 661 666 751 Ungue
688 662 916 732 reluctantem
935 683 1070 755 pugnat
1085 665 1283 734 discludere
1304 667 1456 748 thecam,

535 829 717 900 Structura
736 849 774 899 ut
791 848 906 922 pateat
922 833 1148 924 crepitusque
1167 835 1306 903 latentis
1324 836 1436 926 origo.

536 999 696 1067 Forsitan
721 1000 795 1090 ipse
811 1001 907 1091 gravi
927 1004 1049 1092 perdat
1066 1026 1129 1071 sua
1146 1004 1276 1095 gaudia
1294 1027 1391 1088 casu,

535 1168 688 1236 Lumina
707 1169 742 1236 ni
764 1170 873 1259 patris
888 1189 1033 1240 caveant
1050 1189 1084 1240 et
1101 1173 1249 1263 provida
1267 1175 1397 1241 dextra.

533 1337 567 1403 ls
585 1337 654 1405 nati
675 1339 785 1406 victus
806 1362 907 1430 prece
926 1340 1179 1431 blanditiisque
1197 1359 1351 1425 coactus,

532 1507 644 1575 Multa
663 1509 762 1598 prius
782 1526 967 1599 praecepta
983 1532 1104 1577 serens
1123 1533 1250 1578 arcana
1267 1511 1415 1578 recludit

530 1675 679 1759 Omnia,
699 1677 885 1768 complexo
906 1680 1014 1747 modo
1035 1701 1125 1768 quae
1142 1680 1274 1747 latuere
1296 1679 1450 1747 metallo.

530 1843 673 1934 Spiram
692 1846 934 1936 impellentem
955 1864 1141 1931 monstrat,
1162 1847 1343 1936 iunctique
1366 1867 1525 1916 rotarum

528 2013 613 2101 Qua
632 2013 704 2081 vice
723 2014 902 2104 perpetuis
919 2015 1107 2083 trudantur
1126 2015 1294 2084 dentibus
1311 2016 1428 2098 orbes,

530 2182 788 2272 Discordesque
807 2202 903 2274 regat
919 2206 1096 2273 quaenam
1114 2185 1302 2252 concordia
1321 2203 1464 2266 motus,

527 2355 643 2440 Atque
661 2351 706 2419 ita
725 2352 948 2441 persequitur
964 2352 1103 2442 genitor
1119 2353 1207 2422 dum
1225 2353 1365 2444 singula
1382 2353 1514 2438 verbis,

525 2524 693 2589 Arrectus
711 2543 799 2611 puer
819 2521 852 2588 in
871 2520 1001 2611 digitos
1018 2521 1210 2611 animaque
1227 2539 1359 2590 retenta

526 2689 697 2757 Miratur:
718 2689 823 2758 vetito
844 2690 898 2757 vix
918 2690 1029 2780 parcit
1048 2691 1188 2758 dextera
1207 2709 1313 2758 tactu.

568 2857 640 2928 Olli
657 2859 718 2949 qui
737 2881 849 2949 puero
865 2875 1001 2927 tentant
1018 2859 1223 2948 praecordia
1240 2881 1378 2941 sensus,

525 3029 602 3096 Hos
622 3050 687 3118 ego
705 3028 858 3118 percepi,
877 3027 1058 3117 similique
1077 3027 1215 3096 ferebar
1231 3049 1367 3108 amore,

525 3196 679 3266 Uraniae
697 3197 802 3264 stanti
821 3218 935 3288 nuper
951 3218 1065 3286 quum
1083 3196 1207 3264 limine
1224 3197 1317 3264 celso

521 3365 598 3436 Sub
614 3367 764 3456 pedibus
783 3368 968 3435 Romanae
986 3387 1095 3449 arces,
1113 3365 1321 3454 circumque
1339 3387 1520 3455 supraque

522 3535 702 3602 Immensa
718 3535 853 3603 obiecta
871 3553 921 3603 est
939 3534 1110 3603 radiantis
1127 3535 1292 3602 machina
1313 3535 1452 3603 mundi.

521 3706 608 3773 lnde
626 3705 715 3772 mihi
734 3721 772 3772 ut
789 3727 908 3772 rerum
925 3721 1021 3772 tanta
1042 3726 1144 3772 mens
1165 3704 1290 3773 obruta
1311 3706 1405 3772 mole

518 3873 683 3964 Torpuit,
706 3896 782 3941 ecce
799 3874 884 3940 deae
903 3874 1103 3941 veneranda
1124 3873 1160 3940 in
1180 3889 1272 3939 veste
1291 3873 1453 3939 sacerdos

518 4044 758 4134 Conspicitur,
776 4042 831 4111 cui
852 4044 1011 4110 velantur
1027 4042 1115 4108 dum
1132 4058 1293 4130 tempora
1310 4037 1420 4118 caniS,

518 4212 647 4279 Fronte
668 4210 792 4292 nitent,
811 4211 913 4278 docto
931 4208 1041 4300 pascit
1058 4231 1145 4297 quas
1162 4225 1314 4298 pectore,
1334 4207 1511 4274 flammae.

516 4380 679 4450 Sidereas
699 4379 842 4446 solitum
862 4378 930 4446 iam
953 4377 1092 4468 pridem
1111 4377 1299 4444 ascendere
1318 4377 1416 4443 sedes

517 4549 610 4617 Hinc
628 4548 745 4639 superi
767 4548 938 4638 quiddam
955 4547 1061 4615 scires
1081 4547 1225 4614 traxisse
1242 4546 1386 4612 decoris.
