3928 5580
691 579 806 624 PUGNA
832 579 1051 626 NOMENTANA

287 751 362 820 Nec
380 752 472 841 potis
489 769 541 819 est
560 775 713 842 usquam
733 753 939 836 consistere,
958 753 1099 822 moenia
1117 755 1231 822 donec

285 919 467 1010 Opposuit
488 920 632 1010 repetita
650 920 746 1012 luga,
768 944 877 1011 seque
895 944 1020 1012 aggere
1037 923 1156 1012 sepsit.

285 1089 469 1158 Continuo
487 1113 607 1158 muros
627 1090 735 1159 nostri
757 1109 791 1159 et
804 1091 1017 1181 trepidantia
1037 1109 1149 1160 castra

284 1258 480 1348 Arripiant‚
499 1259 567 1327 nisi
587 1260 682 1349 lapsa
702 1260 784 1350 polo
806 1283 873 1329 nox
890 1260 1031 1329 aemula
1049 1283 1205 1352 pugnam

283 1427 484 1517 Abrumpat
502 1427 574 1497 fera
591 1430 696 1497 corda
714 1431 876 1498 domans.
896 1430 1073 1500 Obsidere
1094 1449 1214 1519 portas

281 1599 378 1665 Tum
396 1620 478 1666 cura
496 1599 667 1682 excubiis,
691 1599 885 1690 vigilesque
908 1602 1098 1669 accendere
1115 1600 1288 1668 flammas.

285 1768 430 1834 Postera
450 1766 506 1834 vix
524 1789 651 1853 segnes
668 1773 807 1836 Aurora
825 1768 1017 1836 resolverat
1034 1768 1181 1836 umbras

283 1935 433 2002 Exorata
452 1935 551 2016 viris,
570 1935 656 2003 fixae
674 1958 786 2025 quum
808 1936 999 2004 moenibus
1018 1937 1135 2004 hastae

282 2103 445 2172 Candida
462 2121 553 2171 texta
570 2103 709 2171 ferunt:
730 2103 915 2172 confestim
936 2104 1066 2172 missus
1084 2105 1127 2173 ab
1149 2105 1248 2172 hoste

283 2274 413 2341 Pacem
429 2291 547 2341 orator
563 2294 603 2340 ea
620 2271 765 2340 confidit
782 2294 925 2361 poscere
944 2273 1032 2362 lege,

281 2441 422 2513 Scilicet
442 2458 481 2508 ur
498 2441 651 2531 sumptis
669 2441 768 2508 liceat
785 2441 964 2508 discedere
983 2440 1019 2508 in
1038 2441 1171 2524 armis3

280 2611 357 2700 Qui
375 2610 481 2679 sociis
498 2633 610 2700 quum
630 2611 718 2678 laeta
737 2631 863 2700 parum
884 2633 1052 2700 responsa
1071 2629 1240 2700 reportat,

282 2780 380 2850 Ilicet
392 2779 566 2848 abiiciunt
583 2779 714 2870 pariter
729 2801 812 2847 cum
830 2779 1011 2847 mentibus
1028 2802 1140 2862 arma,

281 2951 324 3018 Et
340 2950 494 3018 tendunt
511 2949 546 3018 in
566 2949 681 3017 vincla
699 2971 839 3016 manus.
861 2947 1016 3016 Furialia
1038 2964 1150 3016 morte

279 3120 414 3210 Coepta
433 3120 544 3202 luant,
564 3141 733 3210 magnum
755 3134 874 3185 sontes
892 3117 959 3185 nisi
982 3139 1111 3185 nornen
1133 3117 1327 3186 obumbret

280 3287 477 3370 Pontificis‚
495 3287 668 3376 faciatque
688 3286 743 3355 Pii
761 3286 948 3355 clementia
965 3303 1069 3355 tutos.

281 3458 363 3524 Non
381 3473 498 3524 tamen
516 3455 551 3524 in
570 3456 681 3545 captis
698 3455 779 3524 belli
799 3475 850 3525 est
866 3457 1076 3524 temerarius
1094 3473 1236 3537 auctor,

280 3625 427 3715 Quippe
445 3625 505 3693 ubi
525 3624 713 3693 submotus
733 3624 846 3714 spatio
864 3625 1058 3693 certamina
1076 3624 1163 3693 vidit

279 3794 406 3865 Celsus
423 3815 530 3884 eque,
547 3794 672 3862 fractas
691 3815 745 3862 res
760 3811 866 3883 atque
884 3793 1049 3861 instantia
1067 3792 1148 3876 lata,

281 3965 355 4031 lam
373 3963 493 4032 minus
510 3981 614 4053 atque
636 3963 757 4031 minus
774 3963 886 4030 fidens
904 3981 1075 4052 natosque
1097 3963 1301 4053 ducumque

279 4133 495 4223 Praecipuos
513 4151 613 4200 vocat
629 4150 733 4221 atque
755 4132 810 4199 his
823 4155 859 4199 se
877 4130 1131 4199 comitantibus
1148 4131 1273 4200 aufert.

281 4302 387 4369 Pulsa
405 4321 456 4369 est
473 4301 523 4368 ira
539 4319 632 4369 metu
651 4327 657 4367 :
678 4301 780 4368 toties
799 4301 958 4368 initiante
980 4301 1121 4390 popello

279 4470 354 4559 Qui
377 4471 575 4539 Romamve
596 4468 662 4536 sibi
684 4486 880 4537 mortemve
902 4486 1110 4558 poposcerat
1127 4490 1263 4552 amens,

280 4641 322 4708 Et
341 4641 493 4709 Romam
512 4638 602 4729 lugit
619 4655 832 4722 ermonem,
852 4636 1060 4727 propriique
1079 4638 1227 4728 pudoris

1331 4745 1343 4796 3
