3936 5578
521 561 581 644 164
924 581 1028 626 runns
1053 581 1277 627 nncttnsmus

559 751 828 842 Obliquamque
846 752 958 820 aciem
973 777 982 836 3
1001 753 1141 822 fraudes
1159 752 1347 844 praevertit
1363 771 1503 843 opertas

561 921 715 1013 Effugio,
737 940 770 989 et
787 923 875 989 fidos
892 922 1031 1010 quaerit
1047 922 1169 1012 procul
1192 923 1279 990 urbe
1297 939 1469 1011 receptus.

561 1090 664 1162 Retia
682 1090 918 1182 nequicquam
938 1111 975 1159 ut
994 1091 1099 1158 sentit
1116 1092 1251 1182 digesta
1271 1092 1456 1181 Pelasgus,

560 1259 749 1331 Succenset
766 1259 917 1350 graviter
934 1260 1096 1348 praedae,
1115 1281 1178 1326 ceu
1198 1259 1332 1348 ruperit
1350 1260 1442 1327 ultro

562 1428 713 1518 Hospita
727 1429 804 1497 iura
821 1427 917 1518 fuga,
937 1429 1120 1518 multoque
1137 1427 1284 1496 satellite
1301 1428 1438 1495 cinctus

559 1600 709 1689 Templa
727 1599 825 1689 petit,
845 1616 1015 1667 mactatus
1033 1597 1092 1666 ubi
1112 1621 1175 1687 pro
1194 1621 1273 1688 rege
1292 1597 1464 1666 iuvencus

561 1768 643 1836 Non
662 1766 862 1857 profecturo
880 1767 1036 1858 replebat
1056 1768 1170 1834 ahena
1192 1790 1329 1835 cruore.

559 1933 678 2005 Obvia
696 1937 734 2004 fit
754 1935 909 2004 venienti
929 1935 1047 2004 omnis
1065 1938 1131 2005 sub
1149 1935 1273 2004 limine
1292 1936 1409 2025 primo

560 2105 682 2174 Turba
701 2106 945 2173 sacerdotum:
965 2105 1180 2195 trepidantes
1197 2104 1335 2173 lumine
1350 2123 1452 2172 torvo

562 2274 749 2343 Percenset
767 2274 928 2358 Macedo,
949 2275 1148 2364 ludamque
1168 2274 1315 2363 requirit
1333 2275 1377 2342 ab
1399 2273 1480 2340 iltis.

561 2441 637 2531 Qui
656 2465 768 2533 quum
787 2443 846 2510 ubi
869 2444 912 2510 sit
931 2443 1069 2511 novisse
1089 2461 1230 2534 negant,
1250 2443 1344 2511 haud
1364 2442 1514 2533 imperat
1531 2442 1618 2523 itae,

562 2607 814 2696 protentaque,
837 2605 947 2688 nefas,
963 2606 1066 2695 adyta
1083 2606 1125 2672 ad
1145 2605 1337 2695 penetralia
1358 2607 1493 2687 dextra,

557 2775 581 2840 '<‹
596 2777 735 2858 Testor,
755 2775 814 2857 ait,
833 2775 1015 2865 Superos3
1032 2773 1182 2842 manicis
1199 2793 1231 2842 et
1249 2775 1419 2864 compede
1438 2773 1576 2842 vinctus

563 2945 610 3013 Ni
628 2944 718 3012 mihi
736 2945 893 3013 tradetur
910 2943 1093 3012 turbarum
1112 2943 1256 3011 sedulus
1274 2961 1409 3024 auctor,

563 3115 661 3182 Haec
682 3115 756 3181 loca
775 3132 869 3180 vasta
884 3113 990 3194 dab0,
1012 3112 1194 3201 surgitque
1212 3110 1273 3179 ubi
1292 3111 1455 3180 numinis
1473 3133 1532 3178 ara

562 3283 741 3366 Abstrusi,
760 3282 889 3350 melius
906 3281 1048 3349 stabunt
1064 3281 1253 3349 simulacra
1272 3282 1392 3371 Lyaei.
1411 3307 1430 3346 ›>

563 3452 658 3521 Dixit
674 3469 706 3520 et
724 3452 759 3519 in
779 3451 886 3519 verbo
903 3450 1039 3533 avertit,
1062 3468 1264 3540 mystasque
1284 3449 1452 3538 relinquit

561 3619 809 3708 Attonitusque
831 3618 951 3701 minis,
970 3618 1118 3706 aedique
1139 3616 1278 3706 sibique
1296 3616 1471 3684 timentes.

607 3791 721 3858 Multa
740 3789 897 3857 moventi
916 3788 1037 3856 animo
1055 3786 1237 3858 Samariae
1255 3787 1407 3855 insidere
1426 3804 1556 3854 tractus

565 3961 673 4028 Fama
694 3959 798 4027 refert
815 3957 1020 4047 profugum,
1043 3975 1177 4046 partem
1196 3957 1263 4024 ltuc
1281 3955 1425 4023 traxisse
1444 3975 1594 4022 suorum

565 4132 645 4200 Non
663 4132 751 4197 adeo
768 4127 946 4218 exiguam,
964 4125 1056 4216 cingi
1076 4125 1275 4192 munimine
1293 4142 1415 4192 castra.

562 4302 666 4368 Tunc
684 4317 774 4366 artes
792 4319 898 4363 vanas
916 4314 1167 4385 perspectaque
1185 4294 1275 4362 furta
1297 4317 1423 4384 peroso

563 4474 672 4539 Arma
694 4469 830 4558 placent
849 4466 977 4534 iterum
994 4485 1027 4533 et
1046 4464 1143 4533 ferali
1166 4465 1312 4532 buccina
1330 4483 1433 4533 cantu
1452 4490 1462 4548 ς

565 4641 639 4709 Nec
658 4637 788 4706 leviore
806 4657 940 4704 novum
958 4635 1105 4702 struitur
1123 4634 1308 4701 molimine
1326 4635 1459 4702 bellum
