3928 5580
509 537 549 602 58
1035 557 1167 602 unium

509 729 703 819 irrequieta
722 753 805 797 suos
823 751 922 797 mens
943 753 979 796 se
997 730 1169 798 convertit
1188 731 1221 797 in
1241 748 1352 798 ortus.

511 899 585 964 Nos
603 898 742 987 aquilae
761 898 907 980 similes,
927 899 996 964 alto
1014 921 1122 987 quam
1140 899 1292 966 rusticus
1309 899 1396 966 olim

510 1066 665 1134 Detraxit
682 1065 767 1133 nido
785 1067 1011 1156 implumem,
1030 1067 1250 1157 dominoque
1271 1067 1404 1156 potenti

509 1235 696 1324 Captivam
715 1235 860 1303 addixit.
879 1237 1017 1303 Tenem
1037 1254 1075 1304 ut
1092 1236 1259 1324 lanugine
1278 1235 1434 1325 primunt

511 1404 631 1470 Flavet
647 1403 734 1484 avis,
753 1405 892 1492 generis
911 1404 979 1471 iam
999 1422 1072 1471 tunt
1091 1405 1149 1472 dat
1167 1404 1266 1494 signa
1283 1403 1451 1494 superbi:

510 1572 598 1639 lnde
616 1573 650 1639 in
670 1594 848 1661 processu,
868 1590 1009 1640 maturo
1030 1573 1088 1641 ubi
1112 1573 1275 1640 conscius
1293 1595 1379 1640 aevo

510 1741 665 1808 Accessit
683 1741 853 1808 membris
875 1742 987 1831 vigor,
1010 1742 1100 1808 haud
1121 1764 1364 1809 mansuescere
1382 1741 1485 1809 discit

510 1909 650 1978 Servitii
670 1909 870 1998 impatiens.
890 1909 1002 1977 Aulae
1025 1931 1094 1977 non
1112 1909 1231 1976 divitis
1249 1910 1307 1977 illa

510 2079 620 2144 (Iurat
636 2099 734 2166 opes,
755 2078 892 2166 pascive
911 2100 1018 2145 manu
1038 2079 1186 2146 laetatur
1201 2078 1326 2145 lterili:

510 2244 579 2315 Sed
598 2244 716 2312 faciles
736 2268 839 2312 exosa
857 2245 955 2313 cibos
976 2246 1207 2335 requiemque
1225 2265 1379 2314 coactam

510 2415 619 2480 Ardet
636 2413 745 2496 abire,
764 2414 913 2502 terltque
932 2414 1027 2483 ferox
1046 2414 1081 2482 in
1103 2415 1273 2500 compede
1292 2433 1455 2482 rostrum.

512 2583 616 2649 Nunc
635 2581 770 2649 habiles
788 2605 923 2672 pennas
940 2601 973 2650 et
990 2584 1129 2651 adultos
1148 2583 1287 2673 respicit
1305 2605 1455 2673 ungues

512 2751 616 2817 Nunc
633 2769 769 2818 moesto
787 2751 943 2840 patrium
960 2752 1104 2820 metitur
1122 2752 1256 2819 lumine
1274 2754 1428 2831 coelum,

511 2919 687 2987 Deiectam
708 2943 778 3008 quo
800 2944 835 2987 se
853 2921 1025 3009 queritur.
1045 2923 1139 2988 Tum
1160 2939 1323 3010 praepete
1345 2921 1445 3010 lapsu

508 3089 704 3176 Cognatam
724 3089 752 3155 si
773 3089 859 3157 vidit
878 3111 980 3156 avem
999 3089 1235 3158 transmittere
1258 3089 1385 3172 nubes,

511 3255 656 3322 Plaudit
677 3257 780 3346 inops
797 3258 907 3325 animi
928 3258 1197 3347 vinclorumque
1216 3257 1405 3324 immernor
1423 3257 1502 3339 alis,

511 3426 552 3492 Et
572 3425 652 3493 nisu
671 3427 792 3494 delusa
812 3449 921 3494 novas
940 3427 1019 3494 ltine
1036 3426 1167 3516 colligit
1184 3427 1262 3494 iras.

509 3593 572 3663 Sin
594 3611 709 3661 autent
729 3595 864 3662 dederit
881 3618 916 3662 se
934 3596 1147 3684 abrumpere
1168 3595 1307 3661 vincula
1326 3613 1481 3683 tempus,

507 3759 641 3828 Tendit
658 3763 722 3831 iter
739 3763 866 3852 raptim
885 3785 1014 3852 supera
1032 3761 1067 3830 in
1088 3784 1242 3829 convexa
1262 3761 1427 3841 volucris,

508 3937 654 4008 Siderea
674 3933 794 4001 victrix
813 3934 925 4000 donec
944 3931 1094 3998 libratur
1111 3931 1145 3998 in
1165 3932 1300 4013 aethra,

510 4105 667 4194 Despicit
685 4104 778 4171 unde
798 4103 924 4169 domos
944 4098 1131 4167 ltominum
1151 4100 1330 4189 nescitque
1349 4101 1489 4168 reverti.

1032 4479 1152 4540 lt
