3936 5578
513 534 576 597 208
1033 553 1168 596 usruun

515 729 683 794 Exercent
700 725 800 792 odiis.
823 725 923 812 Quid
942 725 970 791 si
989 743 1193 812 veteresque
1212 746 1391 812 novasque

512 895 676 965 Offensas
694 895 828 962 sineres
849 893 983 976 ulcisci,
1001 912 1035 960 et
1052 913 1206 960 sternere
1224 891 1316 960 ferro

514 1065 552 1130 ln
573 1081 728 1129 nostram
749 1081 924 1150 quotquot
939 1062 1170 1129 coniuravere
1189 1061 1379 1128 ruinam.»

513 1232 651 1300 Annuit
668 1237 866 1298 Assuerus:
887 1253 956 1296 non
975 1233 1120 1298 antehac
1142 1229 1265 1297 laetior
1282 1251 1440 1318 unquam

515 1400 661 1467 lairides
677 1400 806 1466 tabulis
823 1399 959 1466 decreta
979 1399 1172 1465 novissima
1191 1399 1350 1478 attondat,

514 1568 652 1636 Periuri
673 1568 804 1656 quibus
824 1567 1003 1658 Agagidae
1021 1566 1160 1634 furialia
1178 1585 1303 1655 coepta

513 1736 811 1825 Suppliciuntque
831 1736 958 1803 refert:
978 1757 1064 1821 ergo
1080 1759 1169 1825 quae
1188 1736 1329 1804 iusserit
1349 1736 1420 1807 itte.

516 1906 653 1972 Eventu
671 1925 823 1983 careant,
841 1927 904 1971 nec
921 1905 965 1972 sit
982 1907 1043 1994 qui
1062 1906 1151 1972 dicta
1170 1905 1338 1972 lacessat:

514 2073 614 2160 Quin
632 2073 730 2141 furor
749 2075 933 2142 Hebraeos
951 2074 1011 2141 ubi
1034 2074 1147 2140 iustus
1168 2075 1202 2141 in
1222 2096 1320 2142 arnta
1337 2074 1481 2154 vocarit,

516 2243 559 2309 Et
576 2242 698 2332 iugulo
719 2243 835 2309 hostili
853 2243 1003 2332 deligere
1022 2243 1169 2311 suaserit
1186 2266 1322 2319 ensem,

516 2412 570 2477 Ne
588 2410 713 2499 gladiis
730 2411 843 2477 obstet
859 2411 1072 2500 quisquam3
1093 2434 1156 2501 pro
1175 2412 1310 2479 viribus
1327 2411 1400 2478 into

515 2577 698 2645 Vindictae
717 2578 854 2646 faveant
873 2602 1011 2662 ornnes,
1030 2599 1134 2668 atque
1151 2603 1230 2646 orsa
1248 2581 1453 2646 secundent.

559 2746 696 2837 Scripta
716 2749 806 2816 celer
823 2749 928 2816 tradit
944 2750 1078 2817 cursori
1099 2750 1195 2834 regia
1213 2773 1350 2830 cursor,

514 2915 618 3002 Quae
636 2939 746 3004 quum
767 2940 829 3006 per
845 2936 1001 3007 satrapas
1019 2919 1114 3008 vulgi
1134 2940 1261 2985 venere
1282 2918 1348 2985 sub
1366 2941 1441 3002 ora,

516 3084 693 3151 Mirantur
714 3084 879 3152 ntiseraut
899 3085 932 3152 in
955 3105 1092 3153 tanturn
1111 3109 1146 3153 se
1164 3087 1320 3154 attollere
1337 3087 1492 3176 plebem,

519 3252 690 3320 Ludibrio
710 3255 851 3343 populis
869 3256 999 3321 ntultos
1016 3256 1153 3344 captiva
1172 3279 1233 3346 per
1253 3278 1367 3322 annos

515 3421 621 3508 Quae
641 3421 719 3504 fuit,
739 3423 981 3512 invidiamque
1002 3444 1191 3513 premunt:
1209 3425 1365 3492 clarescit
1384 3424 1518 3513 ubique

517 3590 720 3657 Mardochei
740 3613 869 3657 nonten
889 3615 1092 3681 nomenque
1114 3595 1266 3683 potentis
1285 3595 1443 3661 Edissae.

515 3763 561 3826 At
582 3759 638 3824 leti
659 3761 766 3826 ruodo
783 3761 843 3849 qui
861 3763 999 3829 stabant
1016 3763 1219 3830 discrimine
1238 3785 1360 3852 parvo,

515 3927 631 3995 Corde
653 3947 788 3994 ntetunt
807 3931 1010 3997 excutiunt:
1031 3933 1195 4020 perituris
1214 3951 1324 3999 morte
1345 3930 1412 3998 sub
1431 3931 1507 4020 ipsa

516 4095 605 4184 Spes
625 4096 752 4164 iterum
772 4119 864 4166 certa
883 4101 1039 4190 affulget,
1059 4102 1244 4189 luctusque
1262 4123 1450 4190 suprentos

515 4263 654 4332 Gaudia
668 4267 888 4334 continuant.
910 4269 974 4335 l'ix
993 4269 1110 4358 printo
1131 4271 1315 4337 excludere
1332 4293 1435 4337 curas

518 4432 622 4498 Mens
642 4453 778 4500 assueta
798 4436 898 4502 malis
916 4438 1043 4520 aude13
1063 4440 1122 4504 sed
1142 4456 1261 4526 pectus
1278 4438 1313 4505 in
1334 4438 1447 4505 imunt

517 4601 642 4668 Alutae
664 4603 722 4669 ubi
740 4605 919 4670 descendit
936 4607 1077 4673 tandem
1096 4608 1222 4674 tiducia
1242 4609 1342 4690 lucis,
