3970 5580
532 1204 640 1310 ΑΙ)
680 1201 999 1316 PROCUM
1040 1205 1293 1312 sartan

331 2110 488 2180 Caelibis
505 2133 588 2201 ergo
607 2127 639 2178 te
657 2110 845 2178 subierunt
866 2110 978 2178 taedia
995 2109 1098 2192 vitae,

332 2279 510 2369 Pomponi
528 2306 535 2346 :
554 2279 705 2346 nucibus
726 2278 858 2368 sparsis
875 2280 1064 2347 accendere
1082 2281 1203 2348 taedas

333 2447 394 2515 Est
410 2447 566 2530 animus,
588 2447 786 2537 placitaque
805 2447 956 2514 hilarare
975 2470 1082 2516 uxore
1100 2467 1256 2538 penates.

334 2616 427 2684 Hinc
444 2634 476 2684 te
498 2615 676 2706 virgineos
694 2615 764 2683 iarn
785 2617 921 2684 dudum
940 2616 1124 2705 exquirere
1141 2634 1261 2685 coetus

332 2783 538 2867 Cernimus
556 2802 589 2852 et
608 2785 704 2852 cultu
723 2783 929 2874 propiorem
948 2786 1155 2882 impendere
1173 2810 1306 2856 curam.

333 2951 564 3042 Propositum
583 2953 678 3021 haud
697 2953 843 3036 damn0‚
862 2953 1026 3042 quamvis
1042 2953 1124 3042 quis
1141 2953 1267 3022 dixerit
1287 2953 1366 3022 urbi

332 3121 553 3210 Coniugium
571 3120 688 3188 simile
705 3121 868 3188 obsessae
887 3147 894 3188 :
913 3121 1113 3189 rescindere
1132 3121 1264 3188 vallum

334 3287 506 3355 Exclusus
523 3304 689 3377 properat
707 3287 822 3370 miles,
842 3287 982 3377 sibique
1000 3311 1076 3356 arce
1096 3307 1234 3379 recepto

333 3454 415 3525 Otia
436 3454 631 3544 promittit3
650 3455 758 3522 clausi
776 3473 897 3523 contra
915 3479 1040 3547 aggere
1058 3457 1151 3525 cives

335 3623 497 3692 Evasisse
517 3623 625 3691 velint
641 3641 674 3691 et
691 3643 814 3714 aperto
831 3647 1014 3693 excurrere
1033 3648 1173 3716 campo,

334 3793 404 3864 Sed
425 3813 468 3860 ne
485 3810 518 3860 te
537 3792 641 3882 nugis
659 3793 749 3861 ultra
768 3815 900 3876 morer,
918 3793 1036 3882 accipe
1056 3816 1228 3883 quorsum

335 3964 472 4031 Evadat
491 3984 621 4031 sermo.
642 3962 747 4050 Quae
768 3985 803 4030 se
822 3962 885 4030 tibi
905 3963 1049 4052 iungere
1068 3983 1241 4053 quaerant

336 4132 466 4200 Nullus
483 4131 549 4200 erit
566 4130 719 4221 reperire
737 4131 850 4214 labor,
870 4149 1022 4221 votoque
1040 4131 1161 4221 potiri,

335 4300 460 4389 Quum
480 4301 610 4368 multas
630 4301 734 4368 ducat
755 4299 872 4382 facies,
892 4301 1105 4388 patrimonia
1126 4301 1271 4384 multas,

335 4469 494 4558 Corpore
512 4486 548 4536 tu
567 4491 650 4537 vero
668 4486 822 4559 praestes
842 4487 875 4536 et
892 4467 1000 4536 divite
1017 4491 1141 4552 censu,

337 4638 496 4706 Plurima
512 4637 670 4706 certatim
693 4655 872 4727 perspecta
892 4637 925 4703 in
946 4636 1032 4704 retia
1054 4639 1184 4727 praeda

1339 4744 1353 4791 7
