3928 5580
740 584 834 630 MONS
859 583 996 628 eluetus

279 763 458 832 Obscuret
476 760 585 828 nostri
606 759 693 828 Pius
711 759 836 849 ingens
852 756 964 848 gloria
984 757 1088 824 saecli

281 933 327 1000 Et
344 929 476 1021 patriae
493 929 683 1020 splendor!
704 926 834 1015 Qualis
851 949 962 1016 quum
982 925 1118 993 lumine
1138 923 1256 1014 primo

281 1099 344 1170 Sol
362 1099 465 1167 iubar
482 1097 636 1166 exseruit
654 1097 825 1178 nitidum,
843 1113 927 1162 tunc
946 1112 1080 1162 caetera
1097 1094 1228 1184 pallent

280 1273 384 1337 Astra
403 1268 498 1358 polo,
518 1267 705 1355 lucemque
724 1282 914 1355 premunt:
934 1285 994 1331 ore
1013 1262 1069 1330 ille
1088 1284 1214 1330 sereno

283 1440 326 1505 Et
344 1454 483 1505 noctem
504 1436 601 1528 fugat
619 1454 652 1504 et
669 1435 782 1504 noctis
797 1433 970 1503 radiantia
987 1433 1100 1524 signa.

325 1607 467 1692 Aspice,
491 1623 573 1674 sunt
591 1605 768 1694 siquidem
787 1621 820 1672 et
835 1603 944 1670 stellis
961 1624 1024 1669 sua
1043 1601 1203 1684 nomina,
1222 1601 1343 1689 quales

283 1777 327 1844 Et
347 1792 500 1865 quantos
517 1773 637 1842 tulerit
656 1773 750 1841 cives
771 1771 944 1843 Oenotria
961 1771 1076 1839 tellus.

284 1942 438 2011 Bellicus
457 1942 513 2010 hic
533 1943 658 2010 ductor
674 1941 768 2010 furto
786 1941 903 2008 bonus
920 1958 954 2008 et
971 1940 1087 2007 bonus
1103 1937 1212 2006 armis

282 2111 429 2201 Imperii
453 2112 541 2178 fines
558 2111 600 2178 ad
618 2128 730 2179 metas
748 2108 894 2199 protulit
914 2108 1035 2191 orbis,

282 2280 346 2348 llle
365 2302 493 2348 novam
513 2279 600 2348 rexit
618 2279 753 2370 Minyis
770 2277 957 2346 audentior
976 2282 1073 2368 Argo

284 2447 427 2531 Navita,
447 2465 480 2516 et
495 2447 630 2517 Oceani
651 2448 745 2515 haud
765 2447 934 2536 cuiquam
953 2464 1083 2514 tentata
1101 2445 1263 2535 priorum

282 2619 522 2686 Transvectus
539 2618 626 2684 vada
645 2615 824 2705 supremis
841 2633 952 2684 terrae
970 2614 1108 2706 appulit
1124 2614 1207 2682 otis.

283 2787 416 2854 Rerum
437 2786 528 2852 alius
545 2807 669 2853 causas
688 2784 851 2875 legesque
868 2784 990 2853 retexit
1009 2801 1149 2874 opertas

284 2955 454 3037 Naturae,
474 2953 673 3043 indixitque
689 2953 763 3020 vias
780 2952 984 3042 palantibus
1004 2952 1106 3020 astris
1121 2977 1130 3034 ς

282 3125 366 3191 AEre
382 3124 468 3191 alter
485 3144 612 3190 saxove
630 3121 710 3190 rudi
729 3122 900 3212 spirantia
921 3121 1022 3189 duxit

284 3292 466 3380 Corpora:
488 3291 700 3360 Phidiacum
718 3292 839 3358 credas
857 3311 1045 3380 agnoscere
1065 3290 1202 3357 caelum
1218 3315 1227 3372 ς

285 3460 360 3527 Nec
380 3469 517 3528 tantum
539 3461 637 3530 Cous
656 3459 786 3528 meruit
803 3459 869 3527 sibi
892 3459 1009 3528 laudis
1025 3460 1168 3550 Apelles

284 3634 368 3696 Arte
387 3650 451 3696 sua
469 3646 643 3716 quantum
664 3627 726 3696 iste
745 3650 846 3718 puer,
865 3651 972 3718 quem
990 3628 1076 3696 flore
1094 3627 1257 3695 iuventae

284 3797 410 3865 invida
429 3819 524 3864 mors
542 3796 672 3886 rapuit,
690 3817 811 3888 gentes
828 3797 954 3866 flevere
972 3815 1210 3888 peremptum.

286 3965 429 4054 Eloquii
450 3964 514 4033 tibi
534 3965 628 4054 quis,
648 3984 841 4034 rostrorum
860 3966 984 4056 gloria,
1007 3966 1164 4056 palmam

287 4133 437 4224 Eripiat,
455 4134 553 4202 Tulli
569 4136 580 4201 l
602 4134 779 4203 Parnasso
797 4135 849 4202 vel
868 4135 931 4202 tibi
950 4135 1141 4225 quisquam

283 4304 428 4372 Andine
446 4303 541 4372 haud
562 4321 722 4395 assurgat
738 4305 827 4387 olor,
847 4327 907 4372 seu
930 4303 1056 4395 frigida
1069 4306 1208 4394 Tempe

287 4471 521 4561 Pastoresque
538 4472 647 4554 canis,
672 4472 819 4563 Phrygii
838 4495 899 4540 seu
921 4473 1012 4540 bella
1029 4474 1169 4564 tyranni
1186 4476 1197 4540 l

287 4642 368 4708 Huc
388 4641 484 4724 ades,
502 4658 535 4709 et
552 4659 673 4708 nostro
691 4641 810 4708 dexter
827 4664 991 4711 succurre
1009 4641 1145 4724 labori,
