3972 5654
578 581 734 626 VIRGINIS
758 581 977 627 mnTultlonls
1001 582 1187 638 QUERELAE
1410 563 1472 648 239

388 755 465 822 Nec
485 775 599 833 mora,
619 753 782 842 prosilui5
805 754 1011 843 pernicique
1028 754 1132 822 obvia
1150 777 1255 822 cursu

437 922 545 991 Inieci
563 923 722 1013 duplices
739 923 773 991 in
793 945 856 990 sua
877 923 965 990 colla
985 944 1125 990 manus.

386 1092 548 1163 Suscitor
564 1092 787 1167 hicsomno:
810 1109 841 1160 te
863 1091 974 1158 solam
993 1093 1154 1182 amplexa
1174 1093 1355 1172 tenebam,

432 1261 569 1332 Culcita
587 1262 629 1328 de
647 1261 801 1328 lacrimis
818 1261 980 1350 protinus
1001 1261 1069 1328 uda
1088 1259 1188 1328 meis.

386 1432 458 1510 An,
480 1430 652 1499 miserum
671 1448 720 1498 est
737 1429 893 1496 flammis
914 1451 983 1496 non
1005 1429 1259 1519 apparentibus
1277 1429 1347 1512 uri,

434 1599 693 1688 Materiemque
713 1599 783 1689 igni
803 1621 873 1665 non
893 1598 1047 1688 reperire
1066 1602 1151 1666 suo!

386 1769 493 1835 Tunc
514 1768 573 1836 ubi
594 1769 778 1857 primaevo
795 1767 985 1835 vernabam
1008 1766 1093 1834 flore
1111 1767 1286 1850 iuventae,

435 1943 552 2026 Atque
571 1936 658 2004 milti
676 1935 786 2004 fastus
804 1936 916 2004 forma
935 1935 1081 2024 probata
1102 1936 1221 2019 dabat,

393 2105 496 2193 Quot
513 2106 638 2174 stolida
656 2106 850 2195 qualesque
869 2127 993 2194 procos
1011 2127 1082 2172 non
1102 2123 1219 2173 mente
1239 2105 1386 2194 paravi?

441 2275 555 2345 Unica
573 2275 729 2343 delectus
748 2297 831 2342 cura
852 2274 970 2342 futura
987 2274 1064 2341 fuit.

395 2445 562 2533 Dumque
581 2445 640 2511 uni
660 2442 814 2511 celebres
832 2442 1012 2529 fingebam
1031 2442 1149 2510 iuncta
1166 2443 1386 2532 triumphos,

438 2613 606 2682 Anteibat
622 2636 746 2681 currus
764 2613 861 2681 irrita
879 2612 982 2680 turba
1004 2635 1110 2680 meos.

391 2781 484 2871 Spes
504 2800 576 2850 erat
593 2783 677 2849 haec
697 2780 782 2847 olim
799 2805 808 2862 ς
828 2781 887 2847 sed
906 2802 1014 2862 nunc,
1034 2799 1144 2847 aetate
1163 2779 1343 2870 magistra,

440 2952 561 3041 Quam
582 2974 660 3019 mea
678 2969 760 3019 sunt
779 2950 902 3040 priscis
925 2968 1002 3017 vota
1020 2950 1178 3017 modesta
1195 2949 1331 3039 magis!

396 3123 479 3190 Non
497 3122 577 3188 volo
595 3121 638 3188 sit
658 3120 756 3188 dives
776 3141 854 3186 mea
872 3119 931 3208 qui
951 3117 1128 3186 connubia
1151 3138 1282 3207 poscet,

443 3293 519 3360 Nec
541 3313 626 3381 rogo
643 3313 678 3357 se
698 3289 784 3357 facie
803 3290 902 3357 iactet
920 3308 957 3357 ut
973 3289 1030 3355 ille
1052 3288 1154 3355 bona.

394 3461 572 3550 Quisquis
589 3461 670 3542 eris,
689 3461 798 3527 modo
816 3459 876 3541 sis,
896 3458 955 3547 qui
975 3480 1031 3525 me
1049 3457 1239 3547 dignabere
1260 3458 1373 3524 taeda.

444 3632 501 3698 Tu
520 3629 610 3697 mihi
632 3629 684 3696 vel
704 3628 872 3706 Croesus,
890 3644 927 3695 tu
949 3627 1001 3694 vel
1022 3625 1160 3694 Adonis
1177 3625 1257 3693 etis.

399 3800 562 3888 Denique
581 3799 628 3866 sis
645 3798 801 3878 tetricus,
821 3796 920 3865 rudis
938 3794 1233 3885 improbulusque
1255 3793 1384 3860 licebit.

442 3969 494 4037 Te
513 3991 656 4058 quoque
674 3988 782 4056 quam
802 3967 942 4033 nullum
960 3981 1111 4055 praestat
1129 3963 1257 4032 habere
1276 3962 1405 4030 virum.

399 4137 438 4210 Si
457 4137 521 4205 tibi
540 4159 620 4206 sum
639 4137 749 4218 cordi,
772 4154 824 4202 sat
841 4135 919 4218 erit,
939 4133 1100 4222 mihique
1118 4132 1193 4222 ipsa
1211 4131 1358 4200 videbor

450 4309 531 4376 Non
552 4307 641 4374 male
658 4305 866 4373 commissas
887 4304 977 4371 inter
994 4302 1156 4370 habenda
1174 4324 1296 4369 nurus.

402 4482 477 4546 Aut
494 4475 522 4544 si
542 4499 613 4544 non
635 4492 673 4543 ut
690 4497 787 4543 ames
804 4495 885 4541 sum
902 4472 1002 4556 tanti,
1024 4472 1091 4540 hoe
1111 4473 1281 4560 deprecor
1301 4492 1414 4538 unum

448 4648 503 4714 Ne
520 4670 622 4715 meus
640 4646 711 4713 ulla
727 4644 792 4713 tibi
809 4643 923 4712 taedia
945 4643 1062 4733 iggnat
1080 4663 1191 4709 antor.
