3970 5580
823 573 974 619 lL'DlTllA

402 745 542 828 Rideat,
563 745 631 812 huc
648 745 741 828 veni,
759 746 921 813 dumme
940 768 1047 835 penes
1068 745 1180 813 exitus
1198 768 1327 834 anceps

401 919 611 982 Armorum.
632 914 718 984 Sine
738 937 793 982 me
813 915 918 982 modo
939 914 1000 1005 qui
1020 937 1089 982 non
1110 915 1282 1004 sanguine
1300 937 1408 1004 parvo

404 1085 478 1151 Nec
493 1084 634 1152 modico
654 1085 866 1151 mercandus
884 1101 957 1151 erat
974 1084 1103 1151 sudore
1120 1084 1337 1172 triumphus.

400 1253 585 1322 Continuo
603 1276 666 1342 per
682 1275 738 1320 me
756 1253 926 1320 ducentes
944 1251 1014 1318 otia
1032 1251 1132 1318 viset,

402 1423 589 1512 Explorato
613 1423 700 1489 milti
720 1422 887 1512 Solymae
905 1444 1137 1512 quaecunque
1160 1441 1318 1512 regentes

400 1590 575 1661 Conciliis
592 1610 697 1678 egere
717 1590 805 1672 suis,
823 1612 912 1680 quas
931 1591 1035 1658 corde
1057 1592 1256 1658 recondunt

402 1759 568 1841 Insidias,
588 1782 679 1848 quae
696 1758 787 1826 furta
807 1777 945 1848 parant,
964 1760 1058 1826 unde
1078 1781 1177 1826 arma
1198 1777 1384 1827 morentur

399 1928 558 2018 Assyria,
582 1947 615 1995 et
631 1927 767 1996 tristem
786 1927 923 2017 possint
940 1928 1135 2017 producere
1153 1928 1273 1995 vitam.

401 2099 534 2166 Verum
555 2120 619 2188 ego
637 2119 743 2186 quam
768 2097 893 2187 longae
911 2096 1040 2186 premit
1057 2096 1255 2164 obsidionis
1272 2116 1419 2187 egestas,

399 2265 535 2335 Omnia
553 2265 719 2332 constitui
740 2264 1010 2354 quamprimum
1028 2265 1130 2332 effere
1148 2265 1215 2332 sub
1236 2288 1351 2346 auras,

402 2436 458 2504 Ne
477 2435 599 2502 saltem
619 2433 738 2501 infelix
758 2433 940 2501 morituris
957 2433 1094 2502 civibus
1111 2435 1231 2501 addar.

398 2603 580 2692 Quocirca
600 2621 739 2670 nostros
759 2603 859 2671 ducis
876 2603 919 2670 ad
938 2603 1112 2692 praetoria
1132 2625 1273 2693 gressus

402 2771 572 2861 Dirigite:
592 2771 694 2839 officii
717 2794 852 2839 merces
872 2794 932 2839 vos
948 2772 1055 2861 digna
1072 2772 1276 2840 manebit.»

400 2941 501 3009 Dicta
521 2942 678 3030 placent:
698 2963 818 3028 captae
835 2957 1018 3030 gratantur
1037 2959 1070 3008 et
1086 2941 1171 3008 utile
1189 2941 1335 3008 laudant

409 3110 654 3199 Propositum,
674 3132 737 3177 nec
757 3133 793 3176 se
811 3109 956 3177 comites
974 3109 1142 3177 adhibere
1160 3129 1359 3199 gravantur.

400 3278 571 3366 Carpitur
591 3279 731 3346 acclivis
751 3301 860 3346 curvo
878 3278 934 3346 via
951 3279 1051 3361 calle,
1071 3278 1266 3368 iugumque

405 3447 641 3536 Exsuperant,
665 3447 873 3515 Holofernis
894 3447 953 3514 ubi
975 3446 1125 3514 tentoria
1143 3465 1293 3535 surgunt

400 3615 615 3704 Splendida,
636 3637 705 3682 non
725 3616 815 3682 aulis
833 3637 956 3705 regum
974 3615 1132 3682 cedentia
1151 3616 1247 3683 luxu.

448 3787 496 3855 Ut
514 3784 623 3852 subiit
640 3783 768 3852 mulier
785 3783 916 3851 nitidos
934 3783 1109 3850 testudine
1131 3801 1260 3873 postes,

403 3953 541 4043 Excipit
559 3956 647 4020 hanc
665 3955 788 4021 ductor
809 3953 944 4042 sponda
963 3952 1135 4020 subnixus
1156 3953 1305 4032 eburna,

398 4112 483 4196 Cui,
507 4114 614 4181 mirae
635 4113 719 4181 artis
737 4135 840 4202 opuS,
864 4113 1036 4180 violentae
1057 4111 1214 4204 insignia
1232 4113 1358 4203 gentis,

399 4281 583 4370 Quattuor
600 4281 724 4367 aligeri
742 4300 951 4371 supponunt
969 4298 1063 4373 terga
1081 4283 1212 4350 leones.

402 4451 580 4540 Adspectu
603 4469 732 4540 stupet,
751 4469 784 4518 et
801 4473 903 4519 caeco
920 4452 1143 4520 consumitur
1160 4451 1256 4541 igne,

403 4619 497 4686 Dum
516 4641 628 4708 genus
646 4639 750 4709 atque
771 4621 846 4688 viae
864 4641 1007 4687 causam
1024 4620 1168 4687 scitatur
1188 4619 1231 4686 ab
1255 4619 1342 4709 ipsa.
