3928 5580
806 379 1029 424 atttritn'ottttnr
1058 380 1183 424 renisu
1208 379 1386 425 OCTOBRES

614 551 753 642 Sponsa
772 575 891 642 proco,
915 553 1077 642 pactique
1091 553 1252 621 animum
1271 553 1414 643 rapiunt
1432 555 1660 644 hymenaei.

616 721 772 788 Puniceo
791 721 877 790 nitet
898 723 981 789 baec
999 723 1110 805 cultu,
1132 721 1315 812 violaeque
1331 724 1481 791 Tarenti

614 889 774 980 Coryciis
791 909 924 958 certant
942 890 1054 959 succis
1073 891 1240 982 hyalique
1258 891 1391 960 colori:

617 1059 813 1128 Demissam
833 1061 954 1128 credas
974 1061 1240 1129 Thaumantida
1262 1061 1418 1129 nubibus
1440 1061 1544 1130 Irim.

615 1229 811 1297 llaeandro
829 1229 962 1319 duplici
984 1229 1094 1298 currit
1111 1253 1172 1318 per
1188 1231 1277 1297 colla
1295 1230 1429 1298 monile

615 1397 750 1466 Curalii
771 1399 888 1466 lictum
908 1397 1035 1480 baccis,
1056 1399 1233 1488 rutiloque
1251 1399 1364 1468 nitore

615 1565 773 1634 Auribus
792 1567 908 1636 illudit
924 1567 1125 1656 digitosque
1144 1567 1368 1657 amplectitur
1386 1589 1528 1635 aurum.

616 1735 853 1825 Multiplicem
873 1735 906 1802 in
930 1736 1065 1802 nodum
1086 1736 1250 1803 collectos
1266 1758 1372 1804 aurea
1388 1735 1503 1803 crines

618 1905 644 1972 F
648 1903 709 1994 igit
726 1926 822 1986 acus,
842 1905 1021 1994 sicamque
1041 1904 1220 1972 ministrat
1236 1904 1430 1973 Amazonis
1448 1903 1546 1984 irae,

614 2071 761 2162 Quippe
781 2073 918 2142 virilem
940 2073 1101 2140 animum
1126 2073 1291 2141 muliebri
1315 2073 1349 2141 in
1369 2095 1514 2163 corpore
1530 2093 1666 2153 versat,

616 2241 659 2309 Et
680 2261 798 2330 vegeta
818 2258 970 2331 praestat
987 2241 1098 2309 forma
1121 2241 1322 2331 pariterque
1340 2243 1475 2310 decora.

616 2411 698 2478 Non
717 2428 833 2478 tamen
856 2411 937 2478 huic
959 2410 1089 2478 sineret
1109 2411 1266 2502 Phrygio
1283 2411 1349 2478 sub
1368 2411 1483 2479 iudice
1505 2431 1656 2500 pomum

617 2577 699 2650 Sive
718 2579 851 2648 Sabina
870 2601 994 2658 nurus,
1014 2580 1104 2647 celsa
1126 2602 1186 2647 seu
1209 2603 1300 2668 quae
1317 2579 1413 2647 venit
1429 2580 1520 2648 niba

617 2747 789 2815 Patriciae
807 2747 941 2815 sobolis
958 2748 1088 2816 nutrix.
1111 2749 1290 2839 Bombyce
1309 2748 1448 2836 rigescit

618 2917 719 2986 Hanc
736 2916 870 2984 circum
892 2917 978 2984 stola
1000 2916 1150 2988 Sidonio
1169 2917 1341 2985 medicata
1364 2938 1528 3006 venen03

618 3087 657 3154 ln
677 3085 789 3175 spiras
808 3087 932 3152 llesam
951 3085 1067 3153 tenuis
1084 3085 1307 3153 discriminat
1324 3104 1419 3154 ostro

616 3255 709 3322 Vitta
727 3276 880 3338 comam,
904 3254 1087 3343 nitidoque
1108 3273 1213 3343 caput
1230 3254 1429 3323 diademate
1449 3253 1585 3345 cingit3

616 3423 874 3492 Circumtextae
893 3445 979 3490 auro
1001 3422 1173 3504 manicae,
1193 3423 1410 3512 niveumque
1432 3424 1548 3512 puella

623 3592 849 3660 luterlucenti
869 3592 990 3683 religat
1008 3591 1209 3658 subtemine
1227 3592 1374 3659 collum.

663 3763 739 3830 llos
755 3762 914 3852 gelidum
936 3760 1032 3827 misit
1053 3760 1168 3828 Tibur
1189 3762 1242 3828 vel
1260 3761 1417 3828 Tuscula
1435 3761 1539 3828 tellus

618 3929 725 3998 Dives
741 3952 866 4020 opum,
890 3930 1080 3997 Praeneste
1099 3929 1187 3996 alios
1207 3929 1434 4018 celebresque
1451 3927 1605 3996 Velitrae

619 4101 663 4168 Et
681 4100 791 4167 Latiis
808 4116 983 4188 quotquot
1001 4097 1276 4187 superimposita
1297 4097 1429 4186 oppida
1446 4097 1549 4164 saxis.

620 4270 720 4336 Tene
739 4269 857 4351 etiam,
881 4266 1037 4349 Samnis,
1058 4288 1270 4345 memorem,
1290 4265 1495 4334 saevissima
1514 4264 1637 4355 pestis,

619 4437 745 4505 Navali
764 4436 824 4526 qui
846 4459 925 4504 mox
945 4437 1011 4504 tela
1030 4435 1225 4526 spoliisque
1246 4435 1401 4524 caprinis
