<?xml version="1.0" encoding="UTF-8"?>
<!DOCTYPE html PUBLIC "-//W3C//DTD XHTML 1.0 Transitional//EN"
    "http://www.w3.org/TR/xhtml1/DTD/xhtml1-transitional.dtd">
<html xmlns="http://www.w3.org/1999/xhtml" xml:lang="en" lang="en">
 <head>
  <title>
</title>
<meta http-equiv="Content-Type" content="text/html;charset=utf-8" />
  <meta name='ocr-system' content='tesseract 3.04.00' />
  <meta name='ocr-capabilities' content='ocr_page ocr_carea ocr_par ocr_line ocrx_word'/>
</head>
<body>
  <div class='ocr_page' id='page_1' title='image "./petriesseivacar00essegoog_0077.png"; bbox 0 0 3928 5580; ppageno 0'>
   <div class='ocr_carea' id='block_1_1' title="bbox 819 569 953 615">
    <p class='ocr_par' dir='ltr' id='par_1_1' title="bbox 819 569 953 615">
     <span class='ocr_line' id='line_1_1' title="bbox 819 569 953 615; baseline -0.007 0"><span class='ocrx_word' id='word_1_1' title='bbox 819 569 953 615; x_wconf 82' lang='lat' dir='ltr'>URANIA</span> 
     </span>
    </p>
   </div>
   <div class='ocr_carea' id='block_1_2' title="bbox 286 703 1460 2016">
    <p class='ocr_par' dir='ltr' id='par_1_2' title="bbox 286 703 1460 2016">
     <span class='ocr_line' id='line_1_2' title="bbox 291 703 1133 833; baseline -0.006 -20"><span class='ocrx_word' id='word_1_2' title='bbox 291 746 353 813; x_wconf 91' lang='lat' dir='ltr'>llle</span> <span class='ocrx_word' id='word_1_3' title='bbox 371 703 435 813; x_wconf 87' lang='lat' dir='ltr'>ubi</span> <span class='ocrx_word' id='word_1_4' title='bbox 451 744 506 812; x_wconf 84' lang='lat' dir='ltr'>vix</span> <span class='ocrx_word' id='word_1_5' title='bbox 527 744 649 812; x_wconf 92' lang='lat' dir='ltr'>animo</span> <span class='ocrx_word' id='word_1_6' title='bbox 670 742 808 833; x_wconf 87' lang='lat' dir='ltr'>suscepi</span> <span class='ocrx_word' id='word_1_7' title='bbox 830 760 923 826; x_wconf 90' lang='lat' dir='ltr'>vota,</span> <span class='ocrx_word' id='word_1_8' title='bbox 942 741 1133 832; x_wconf 89' lang='lat' dir='ltr'>profanum</span> 
     </span>
     <span class='ocr_line' id='line_1_3' title="bbox 289 911 1090 1004; baseline -0.007 -21"><span class='ocrx_word' id='word_1_9' title='bbox 289 915 520 1004; x_wconf 87' lang='lat' dir='ltr'>Compellans</span> <span class='ocrx_word' id='word_1_10' title='bbox 538 913 636 1002; x_wconf 92' lang='lat' dir='ltr'>prior</span> <span class='ocrx_word' id='word_1_11' title='bbox 655 913 760 980; x_wconf 88' lang='lat' dir='ltr'>affatu</span> <span class='ocrx_word' id='word_1_12' title='bbox 778 911 946 1002; x_wconf 85' lang='lat' dir='ltr'>dignatur</span> <span class='ocrx_word' id='word_1_13' title='bbox 963 911 1090 992; x_wconf 89' lang='lat' dir='ltr'>amico,</span> 
     </span>
     <span class='ocr_line' id='line_1_4' title="bbox 289 1079 1235 1173; baseline -0.004 -22"><span class='ocrx_word' id='word_1_14' title='bbox 289 1084 474 1172; x_wconf 86' lang='lat' dir='ltr'>Multaque</span> <span class='ocrx_word' id='word_1_15' title='bbox 496 1081 667 1173; x_wconf 89' lang='lat' dir='ltr'>poscenti,</span> <span class='ocrx_word' id='word_1_16' title='bbox 689 1081 918 1170; x_wconf 91' lang='lat' dir='ltr'>nequeenim</span> <span class='ocrx_word' id='word_1_17' title='bbox 939 1080 1081 1149; x_wconf 89' lang='lat' dir='ltr'>reticere</span> <span class='ocrx_word' id='word_1_18' title='bbox 1102 1079 1235 1169; x_wconf 94' lang='lat' dir='ltr'>cupido</span> 
     </span>
     <span class='ocr_line' id='line_1_5' title="bbox 290 1249 1113 1341; baseline -0.007 -19"><span class='ocrx_word' id='word_1_19' title='bbox 290 1253 454 1322; x_wconf 88' lang='lat' dir='ltr'>Discendi</span> <span class='ocrx_word' id='word_1_20' title='bbox 475 1251 571 1335; x_wconf 90' lang='lat' dir='ltr'>sinit,</span> <span class='ocrx_word' id='word_1_21' title='bbox 589 1251 770 1319; x_wconf 83' lang='lat' dir='ltr'>obstantes</span> <span class='ocrx_word' id='word_1_22' title='bbox 786 1249 946 1341; x_wconf 85' lang='lat' dir='ltr'>caliginis</span> <span class='ocrx_word' id='word_1_23' title='bbox 967 1249 1113 1318; x_wconf 90' lang='lat' dir='ltr'>umbras</span> 
     </span>
     <span class='ocr_line' id='line_1_6' title="bbox 289 1417 1216 1509; baseline -0.003 -21"><span class='ocrx_word' id='word_1_24' title='bbox 289 1421 455 1489; x_wconf 90' lang='lat' dir='ltr'>Dimovet</span> <span class='ocrx_word' id='word_1_25' title='bbox 474 1443 514 1488; x_wconf 85' lang='lat' dir='ltr'>ex</span> <span class='ocrx_word' id='word_1_26' title='bbox 531 1420 657 1501; x_wconf 89' lang='lat' dir='ltr'>oculis,</span> <span class='ocrx_word' id='word_1_27' title='bbox 676 1437 781 1509; x_wconf 91' lang='lat' dir='ltr'>atque</span> <span class='ocrx_word' id='word_1_28' title='bbox 799 1420 939 1486; x_wconf 81' lang='lat' dir='ltr'>aethera</span> <span class='ocrx_word' id='word_1_29' title='bbox 958 1440 1041 1488; x_wconf 86' lang='lat' dir='ltr'>voce</span> <span class='ocrx_word' id='word_1_30' title='bbox 1059 1417 1216 1486; x_wconf 86' lang='lat' dir='ltr'>recludit.</span> 
     </span>
     <span class='ocr_line' id='line_1_7' title="bbox 334 1587 1265 1677; baseline -0.003 -20"><span class='ocrx_word' id='word_1_31' title='bbox 334 1591 509 1657; x_wconf 90' lang='lat' dir='ltr'>Protenus</span> <span class='ocrx_word' id='word_1_32' title='bbox 526 1608 711 1657; x_wconf 81' lang='lat' dir='ltr'>enumerat</span> <span class='ocrx_word' id='word_1_33' title='bbox 730 1589 828 1657; x_wconf 90' lang='lat' dir='ltr'>coelo</span> <span class='ocrx_word' id='word_1_34' title='bbox 848 1610 938 1677; x_wconf 91' lang='lat' dir='ltr'>quae</span> <span class='ocrx_word' id='word_1_35' title='bbox 960 1587 1113 1677; x_wconf 89' lang='lat' dir='ltr'>plurima</span> <span class='ocrx_word' id='word_1_36' title='bbox 1133 1587 1265 1676; x_wconf 86' lang='lat' dir='ltr'>passim</span> 
     </span>
     <span class='ocr_line' id='line_1_8' title="bbox 286 1757 1138 1846; baseline -0.005 -20"><span class='ocrx_word' id='word_1_37' title='bbox 286 1757 433 1826; x_wconf 76' lang='lat' dir='ltr'>Addidit</span> <span class='ocrx_word' id='word_1_38' title='bbox 452 1758 628 1826; x_wconf 85' lang='lat' dir='ltr'>inventrix</span> <span class='ocrx_word' id='word_1_39' title='bbox 646 1779 766 1826; x_wconf 91' lang='lat' dir='ltr'>rerum</span> <span class='ocrx_word' id='word_1_40' title='bbox 785 1767 945 1846; x_wconf 88' lang='lat' dir='ltr'>portenta</span> <span class='ocrx_word' id='word_1_41' title='bbox 965 1774 1138 1824; x_wconf 89' lang='lat' dir='ltr'>vetustas:</span> 
     </span>
     <span class='ocr_line' id='line_1_9' title="bbox 287 1926 1460 2016; baseline -0.003 -19"><span class='ocrx_word' id='word_1_42' title='bbox 287 1926 461 2016; x_wconf 89' lang='lat' dir='ltr'>Scorpion</span> <span class='ocrx_word' id='word_1_43' title='bbox 485 1945 591 2016; x_wconf 91' lang='lat' dir='ltr'>atque</span> <span class='ocrx_word' id='word_1_44' title='bbox 607 1931 732 2011; x_wconf 88' lang='lat' dir='ltr'>Aram,</span> <span class='ocrx_word' id='word_1_45' title='bbox 748 1926 969 1997; x_wconf 84' lang='lat' dir='ltr'>Centaurum</span> <span class='ocrx_word' id='word_1_46' title='bbox 986 1927 1219 2016; x_wconf 90' lang='lat' dir='ltr'>Hydramque</span> <span class='ocrx_word' id='word_1_47' title='bbox 1232 1927 1460 2016; x_wconf 89' lang='lat' dir='ltr'>Lupumque,</span> 
     </span>
    </p>
   </div>
   <div class='ocr_carea' id='block_1_3' title="bbox 287 2094 1233 2184">
    <p class='ocr_par' dir='ltr' id='par_1_3' title="bbox 287 2094 1233 2184">
     <span class='ocr_line' id='line_1_10' title="bbox 287 2094 1233 2184; baseline -0.004 -19"><span class='ocrx_word' id='word_1_48' title='bbox 287 2095 382 2165; x_wconf 93' lang='lat' dir='ltr'>Cum</span> <span class='ocrx_word' id='word_1_49' title='bbox 408 2095 511 2162; x_wconf 89' lang='lat' dir='ltr'>situla</span> <span class='ocrx_word' id='word_1_50' title='bbox 531 2095 689 2166; x_wconf 93' lang='lat' dir='ltr'>Corvum</span> <span class='ocrx_word' id='word_1_51' title='bbox 710 2113 874 2184; x_wconf 89' lang='lat' dir='ltr'>rectoque</span> <span class='ocrx_word' id='word_1_52' title='bbox 890 2094 1053 2163; x_wconf 82' lang='lat' dir='ltr'>examine</span> <span class='ocrx_word' id='word_1_53' title='bbox 1075 2095 1233 2176; x_wconf 93' lang='lat' dir='ltr'>Libram,</span> 
     </span>
    </p>
   </div>
   <div class='ocr_carea' id='block_1_4' title="bbox 289 2263 1309 2353">
    <p class='ocr_par' dir='ltr' id='par_1_4' title="bbox 289 2263 1309 2353">
     <span class='ocr_line' id='line_1_11' title="bbox 289 2263 1309 2353; baseline 0.001 -24"><span class='ocrx_word' id='word_1_54' title='bbox 289 2263 579 2353; x_wconf 76' lang='lat' dir='ltr'>posthabitisque</span> <span class='ocrx_word' id='word_1_55' title='bbox 596 2265 755 2332; x_wconf 85' lang='lat' dir='ltr'>aethram</span> <span class='ocrx_word' id='word_1_56' title='bbox 777 2265 887 2331; x_wconf 84' lang='lat' dir='ltr'>sulcat</span> <span class='ocrx_word' id='word_1_57' title='bbox 908 2286 998 2353; x_wconf 91' lang='lat' dir='ltr'>quae</span> <span class='ocrx_word' id='word_1_58' title='bbox 1016 2263 1182 2332; x_wconf 90' lang='lat' dir='ltr'>fluctibus</span> <span class='ocrx_word' id='word_1_59' title='bbox 1198 2267 1309 2352; x_wconf 90' lang='lat' dir='ltr'>Argo,</span> 
     </span>
    </p>
   </div>
   <div class='ocr_carea' id='block_1_5' title="bbox 282 2431 1397 4547">
    <p class='ocr_par' dir='ltr' id='par_1_5' title="bbox 288 2431 1050 2522">
     <span class='ocr_line' id='line_1_12' title="bbox 288 2431 1050 2522; baseline 0.003 -24"><span class='ocrx_word' id='word_1_60' title='bbox 288 2431 389 2498; x_wconf 89' lang='lat' dir='ltr'>lcarii</span> <span class='ocrx_word' id='word_1_61' title='bbox 409 2451 548 2500; x_wconf 90' lang='lat' dir='ltr'>torrens</span> <span class='ocrx_word' id='word_1_62' title='bbox 565 2432 663 2500; x_wconf 89' lang='lat' dir='ltr'>sidus</span> <span class='ocrx_word' id='word_1_63' title='bbox 683 2433 806 2516; x_wconf 89' lang='lat' dir='ltr'>Canis,</span> <span class='ocrx_word' id='word_1_64' title='bbox 831 2432 1050 2522; x_wconf 88' lang='lat' dir='ltr'>Eridanique</span> 
     </span>
    </p>

    <p class='ocr_par' dir='ltr' id='par_1_6' title="bbox 283 2599 1397 3530">
     <span class='ocr_line' id='line_1_13' title="bbox 289 2599 1224 2690; baseline 0.002 -24"><span class='ocrx_word' id='word_1_65' title='bbox 289 2601 327 2666; x_wconf 94' lang='lat' dir='ltr'>ln</span> <span class='ocrx_word' id='word_1_66' title='bbox 350 2599 426 2690; x_wconf 89' lang='lat' dir='ltr'>ripa</span> <span class='ocrx_word' id='word_1_67' title='bbox 448 2603 637 2690; x_wconf 83' lang='lat' dir='ltr'>Leporem,</span> <span class='ocrx_word' id='word_1_68' title='bbox 657 2623 769 2690; x_wconf 91' lang='lat' dir='ltr'>puero</span> <span class='ocrx_word' id='word_1_69' title='bbox 786 2624 876 2690; x_wconf 88' lang='lat' dir='ltr'>quae</span> <span class='ocrx_word' id='word_1_70' title='bbox 897 2601 1055 2687; x_wconf 80' lang='lat' dir='ltr'>vergitur</span> <span class='ocrx_word' id='word_1_71' title='bbox 1074 2603 1224 2681; x_wconf 81' lang='lat' dir='ltr'>Urnam,</span> 
     </span>
     <span class='ocr_line' id='line_1_14' title="bbox 285 2769 1201 2860; baseline 0.001 -25"><span class='ocrx_word' id='word_1_72' title='bbox 285 2775 505 2858; x_wconf 80' lang='lat' dir='ltr'>Aegoceron,</span> <span class='ocrx_word' id='word_1_73' title='bbox 526 2769 706 2860; x_wconf 89' lang='lat' dir='ltr'>Delphina</span> <span class='ocrx_word' id='word_1_74' title='bbox 723 2788 756 2838; x_wconf 92' lang='lat' dir='ltr'>et</span> <span class='ocrx_word' id='word_1_75' title='bbox 773 2771 881 2838; x_wconf 85' lang='lat' dir='ltr'>flexos</span> <span class='ocrx_word' id='word_1_76' title='bbox 901 2770 1067 2840; x_wconf 86' lang='lat' dir='ltr'>Semiferi</span> <span class='ocrx_word' id='word_1_77' title='bbox 1087 2793 1201 2853; x_wconf 92' lang='lat' dir='ltr'>arcus,</span> 
     </span>
     <span class='ocr_line' id='line_1_15' title="bbox 285 2937 1397 3030; baseline 0 -24"><span class='ocrx_word' id='word_1_78' title='bbox 285 2937 378 3006; x_wconf 87' lang='lat' dir='ltr'>Cum</span> <span class='ocrx_word' id='word_1_79' title='bbox 399 2939 489 3005; x_wconf 89' lang='lat' dir='ltr'>Telo</span> <span class='ocrx_word' id='word_1_80' title='bbox 506 2938 720 3020; x_wconf 87' lang='lat' dir='ltr'>Antinoum,</span> <span class='ocrx_word' id='word_1_81' title='bbox 740 2940 932 3008; x_wconf 87' lang='lat' dir='ltr'>Volucrem</span> <span class='ocrx_word' id='word_1_82' title='bbox 951 2939 1059 3023; x_wconf 90' lang='lat' dir='ltr'>lovis,</span> <span class='ocrx_word' id='word_1_83' title='bbox 1080 2938 1397 3030; x_wconf 88' lang='lat' dir='ltr'>Anguitenentem‚</span> 
     </span>
     <span class='ocr_line' id='line_1_16' title="bbox 287 3104 1165 3198; baseline 0.008 -29"><span class='ocrx_word' id='word_1_84' title='bbox 287 3104 444 3195; x_wconf 85' lang='lat' dir='ltr'>Virginis</span> <span class='ocrx_word' id='word_1_85' title='bbox 467 3106 500 3174; x_wconf 92' lang='lat' dir='ltr'>in</span> <span class='ocrx_word' id='word_1_86' title='bbox 522 3108 618 3175; x_wconf 90' lang='lat' dir='ltr'>laeva</span> <span class='ocrx_word' id='word_1_87' title='bbox 638 3107 798 3198; x_wconf 87' lang='lat' dir='ltr'>Spicam,</span> <span class='ocrx_word' id='word_1_88' title='bbox 820 3109 934 3178; x_wconf 91' lang='lat' dir='ltr'>rabidi</span> <span class='ocrx_word' id='word_1_89' title='bbox 952 3131 1012 3177; x_wconf 92' lang='lat' dir='ltr'>ora</span> <span class='ocrx_word' id='word_1_90' title='bbox 1035 3109 1165 3177; x_wconf 87' lang='lat' dir='ltr'>Leonis</span> 
     </span>
     <span class='ocr_line' id='line_1_17' title="bbox 283 3273 1299 3366; baseline 0.005 -27"><span class='ocrx_word' id='word_1_91' title='bbox 283 3273 473 3356; x_wconf 74' lang='lat' dir='ltr'>hostilem,</span> <span class='ocrx_word' id='word_1_92' title='bbox 494 3275 696 3364; x_wconf 89' lang='lat' dir='ltr'>octipedem</span> <span class='ocrx_word' id='word_1_93' title='bbox 715 3277 895 3346; x_wconf 89' lang='lat' dir='ltr'>Cancrum</span> <span class='ocrx_word' id='word_1_94' title='bbox 915 3279 1101 3366; x_wconf 90' lang='lat' dir='ltr'>Ledaeque</span> <span class='ocrx_word' id='word_1_95' title='bbox 1119 3277 1299 3346; x_wconf 91' lang='lat' dir='ltr'>Gemellos</span> 
     </span>
     <span class='ocr_line' id='line_1_18' title="bbox 287 3442 1071 3530; baseline 0.009 -23"><span class='ocrx_word' id='word_1_96' title='bbox 287 3442 330 3508; x_wconf 88' lang='lat' dir='ltr'>Et</span> <span class='ocrx_word' id='word_1_97' title='bbox 345 3464 456 3509; x_wconf 90' lang='lat' dir='ltr'>zonae</span> <span class='ocrx_word' id='word_1_98' title='bbox 474 3443 583 3511; x_wconf 89' lang='lat' dir='ltr'>ternis</span> <span class='ocrx_word' id='word_1_99' title='bbox 601 3443 780 3530; x_wconf 87' lang='lat' dir='ltr'>insignem</span> <span class='ocrx_word' id='word_1_100' title='bbox 797 3444 935 3515; x_wconf 90' lang='lat' dir='ltr'>Oriona</span> <span class='ocrx_word' id='word_1_101' title='bbox 956 3445 1071 3514; x_wconf 92' lang='lat' dir='ltr'>bullis.</span> 
     </span>
    </p>

    <p class='ocr_par' dir='ltr' id='par_1_7' title="bbox 284 3607 1224 3852">
     <span class='ocr_line' id='line_1_19' title="bbox 284 3607 1204 3700; baseline 0.007 -24"><span class='ocrx_word' id='word_1_102' title='bbox 284 3607 390 3696; x_wconf 89' lang='lat' dir='ltr'>Quos</span> <span class='ocrx_word' id='word_1_103' title='bbox 408 3611 499 3678; x_wconf 91' lang='lat' dir='ltr'>inter</span> <span class='ocrx_word' id='word_1_104' title='bbox 518 3612 666 3700; x_wconf 86' lang='lat' dir='ltr'>longum</span> <span class='ocrx_word' id='word_1_105' title='bbox 683 3613 812 3681; x_wconf 94' lang='lat' dir='ltr'>doceor</span> <span class='ocrx_word' id='word_1_106' title='bbox 830 3615 1037 3682; x_wconf 89' lang='lat' dir='ltr'>candescere</span> <span class='ocrx_word' id='word_1_107' title='bbox 1055 3631 1204 3682; x_wconf 89' lang='lat' dir='ltr'>tractum</span> 
     </span>
     <span class='ocr_line' id='line_1_20' title="bbox 286 3777 1224 3852; baseline 0.01 -9"><span class='ocrx_word' id='word_1_108' title='bbox 286 3777 438 3846; x_wconf 89' lang='lat' dir='ltr'>Pulvere</span> <span class='ocrx_word' id='word_1_109' title='bbox 455 3778 615 3848; x_wconf 90' lang='lat' dir='ltr'>sidereo:</span> <span class='ocrx_word' id='word_1_110' title='bbox 635 3798 729 3849; x_wconf 91' lang='lat' dir='ltr'>tenet</span> <span class='ocrx_word' id='word_1_111' title='bbox 749 3781 831 3848; x_wconf 89' lang='lat' dir='ltr'>hinc</span> <span class='ocrx_word' id='word_1_112' title='bbox 851 3781 917 3849; x_wconf 92' lang='lat' dir='ltr'>Via</span> <span class='ocrx_word' id='word_1_113' title='bbox 940 3785 1064 3851; x_wconf 89' lang='lat' dir='ltr'>Lactea</span> <span class='ocrx_word' id='word_1_114' title='bbox 1082 3805 1224 3852; x_wconf 90' lang='lat' dir='ltr'>nomen.</span> 
     </span>
    </p>

    <p class='ocr_par' dir='ltr' id='par_1_8' title="bbox 282 3945 1169 4209">
     <span class='ocr_line' id='line_1_21' title="bbox 284 3945 1169 4041; baseline 0.007 -29"><span class='ocrx_word' id='word_1_115' title='bbox 284 3946 316 4012; x_wconf 95' lang='lat' dir='ltr'>N</span> <span class='ocrx_word' id='word_1_116' title='bbox 323 3945 332 4012; x_wconf 92' lang='lat' dir='ltr'>i</span> <span class='ocrx_word' id='word_1_117' title='bbox 355 3963 485 4034; x_wconf 88' lang='lat' dir='ltr'>perstet</span> <span class='ocrx_word' id='word_1_118' title='bbox 506 3947 635 4031; x_wconf 91' lang='lat' dir='ltr'>visum,</span> <span class='ocrx_word' id='word_1_119' title='bbox 655 3965 779 4016; x_wconf 90' lang='lat' dir='ltr'>tenues</span> <span class='ocrx_word' id='word_1_120' title='bbox 796 3950 873 4017; x_wconf 88' lang='lat' dir='ltr'>sine</span> <span class='ocrx_word' id='word_1_121' title='bbox 890 3974 1036 4041; x_wconf 94' lang='lat' dir='ltr'>corpore</span> <span class='ocrx_word' id='word_1_122' title='bbox 1056 3952 1169 4021; x_wconf 88' lang='lat' dir='ltr'>nubes</span> 
     </span>
     <span class='ocr_line' id='line_1_22' title="bbox 282 4113 1111 4209; baseline 0.006 -26"><span class='ocrx_word' id='word_1_123' title='bbox 282 4113 487 4183; x_wconf 89' lang='lat' dir='ltr'>Credideris</span> <span class='ocrx_word' id='word_1_124' title='bbox 507 4117 661 4205; x_wconf 91' lang='lat' dir='ltr'>pendere</span> <span class='ocrx_word' id='word_1_125' title='bbox 684 4118 779 4206; x_wconf 81' lang='lat' dir='ltr'>polO,</span> <span class='ocrx_word' id='word_1_126' title='bbox 798 4136 847 4186; x_wconf 93' lang='lat' dir='ltr'>tot</span> <span class='ocrx_word' id='word_1_127' title='bbox 865 4119 1024 4209; x_wconf 88' lang='lat' dir='ltr'>partibus</span> <span class='ocrx_word' id='word_1_128' title='bbox 1043 4120 1111 4188; x_wconf 91' lang='lat' dir='ltr'>illis</span> 
     </span>
    </p>

    <p class='ocr_par' dir='ltr' id='par_1_9' title="bbox 284 4283 1171 4376">
     <span class='ocr_line' id='line_1_23' title="bbox 284 4283 1171 4376; baseline 0.009 -27"><span class='ocrx_word' id='word_1_129' title='bbox 284 4287 387 4350; x_wconf 85' lang='lat' dir='ltr'>Astra</span> <span class='ocrx_word' id='word_1_130' title='bbox 405 4283 550 4367; x_wconf 88' lang='lat' dir='ltr'>micant,</span> <span class='ocrx_word' id='word_1_131' title='bbox 571 4286 660 4353; x_wconf 90' lang='lat' dir='ltr'>adeo</span> <span class='ocrx_word' id='word_1_132' title='bbox 676 4286 831 4376; x_wconf 88' lang='lat' dir='ltr'>spatium</span> <span class='ocrx_word' id='word_1_133' title='bbox 848 4287 1054 4356; x_wconf 89' lang='lat' dir='ltr'>discrimina</span> <span class='ocrx_word' id='word_1_134' title='bbox 1071 4290 1171 4357; x_wconf 87' lang='lat' dir='ltr'>celat.</span> 
     </span>
    </p>

    <p class='ocr_par' dir='ltr' id='par_1_10' title="bbox 284 4448 1297 4547">
     <span class='ocr_line' id='line_1_24' title="bbox 284 4448 1297 4547; baseline 0.01 -31"><span class='ocrx_word' id='word_1_135' title='bbox 284 4448 372 4518; x_wconf 91' lang='lat' dir='ltr'>lnde</span> <span class='ocrx_word' id='word_1_136' title='bbox 395 4451 518 4519; x_wconf 88' lang='lat' dir='ltr'>Helles</span> <span class='ocrx_word' id='word_1_137' title='bbox 536 4472 708 4522; x_wconf 88' lang='lat' dir='ltr'>memorat</span> <span class='ocrx_word' id='word_1_138' title='bbox 726 4458 898 4544; x_wconf 91' lang='lat' dir='ltr'>pecudem</span> <span class='ocrx_word' id='word_1_139' title='bbox 917 4457 1129 4547; x_wconf 88' lang='lat' dir='ltr'>nimbosque</span> <span class='ocrx_word' id='word_1_140' title='bbox 1148 4459 1297 4528; x_wconf 89' lang='lat' dir='ltr'>serentes</span> 
     </span>
    </p>
   </div>
   <div class='ocr_carea' id='block_1_6' title="bbox 283 4617 1353 4720">
    <p class='ocr_par' dir='ltr' id='par_1_11' title="bbox 283 4617 1353 4720">
     <span class='ocr_line' id='line_1_25' title="bbox 283 4617 1353 4720; baseline 0.013 -36"><span class='ocrx_word' id='word_1_141' title='bbox 283 4617 428 4686; x_wconf 89' lang='lat' dir='ltr'>Pliadas</span> <span class='ocrx_word' id='word_1_142' title='bbox 448 4638 553 4709; x_wconf 89' lang='lat' dir='ltr'>atque</span> <span class='ocrx_word' id='word_1_143' title='bbox 575 4623 734 4712; x_wconf 78' lang='lat' dir='ltr'>Hyadas,</span> <span class='ocrx_word' id='word_1_144' title='bbox 752 4625 913 4692; x_wconf 90' lang='lat' dir='ltr'>Taurum</span> <span class='ocrx_word' id='word_1_145' title='bbox 936 4626 1169 4717; x_wconf 90' lang='lat' dir='ltr'>iunctumque</span> <span class='ocrx_word' id='word_1_146' title='bbox 1187 4629 1353 4720; x_wconf 89' lang='lat' dir='ltr'>Capellae</span> 
     </span>
    </p>
   </div>
   <div class='ocr_carea' id='block_1_7' title="bbox 0 0 1968 5580">
    <p class='ocr_par' dir='ltr' id='par_1_12' title="bbox 0 0 1968 5580">
     <span class='ocr_line' id='line_1_26' title="bbox 0 0 1968 5580; baseline 0 0"><span class='ocrx_word' id='word_1_147' title='bbox 0 0 1968 5580; x_wconf 95' lang='lat' dir='ltr'> </span> 
     </span>
    </p>
   </div>
  </div>
 </body>
</html>
