3970 5580
803 549 960 594 susanna

295 723 372 812 Qui
392 723 501 814 patris
521 723 709 791 exhibeant
726 723 892 812 antiquos
909 723 1006 791 effice
1023 744 1153 791 mores.

298 895 377 960 Hoc
394 911 445 960 est
462 910 660 960 extremum
678 893 773 981 quod
792 909 823 959 te
845 892 1017 959 moritura
1036 914 1193 981 reposco.

296 1069 350 1130 An
373 1063 545 1130 moritura
566 1080 683 1130 tamen
703 1064 713 1129 Ξ
741 1085 854 1151 neque
873 1061 968 1129 enirn
986 1061 1114 1129 fiducia
1133 1062 1219 1128 lucis

296 1232 346 1298 llli
365 1233 537 1299 concessit
554 1233 684 1314 adhuc,
702 1232 790 1299 dum
808 1232 994 1321 desperare
1012 1231 1160 1298 salutem

298 1403 403 1468 Nunc
421 1401 527 1468 etiam
546 1401 604 1467 ille
623 1418 726 1482 vetat,
745 1418 815 1467 tres
833 1399 893 1488 qui
913 1399 1064 1468 fornacis
1082 1399 1117 1466 in
1136 1399 1217 1489 igne

295 1569 457 1640 Servavit
475 1592 604 1659 pueros
622 1588 668 1653 et,
687 1571 816 1659 praeda
839 1569 956 1637 futura
978 1569 1135 1650 leonum,

296 1739 422 1825 Quum
449 1738 537 1807 foret
559 1740 775 1806 horrendum
805 1738 929 1806 Daniel
955 1739 1132 1806 demissus
1157 1739 1191 1805 in
1219 1757 1374 1817 antrum,

295 1907 419 1975 Adfuit
435 1925 540 1996 atque
559 1907 640 1975 feris
659 1907 766 1974 rictus
783 1907 955 1975 conclusit
972 1908 1118 1975 hiantes.

297 2075 480 2144 lmmerita
498 2094 536 2143 nt
557 2099 722 2166 praesens
740 2077 818 2143 illos
839 2099 857 2142 a
875 2095 988 2144 morte
1007 2076 1156 2158 reduxit,

296 2242 332 2312 Si
353 2244 457 2325 volet7
478 2243 634 2310 infensos
652 2243 739 2310 mihi
761 2262 916 2312 conteret
933 2244 1031 2312 ocius
1049 2246 1179 2328 hoster,

297 2413 340 2478 Et
357 2411 469 2479 facilis
492 2430 599 2480 vertet
618 2431 756 2480 nostros
776 2412 808 2479 in
832 2413 960 2502 gaudia
979 2413 1105 2480 luctus.

296 2579 359 2650 Sin
381 2581 482 2648 aliter
500 2583 629 2664 risum,
649 2599 764 2648 tamen
784 2604 844 2648 ora
865 2604 944 2648 mea
963 2604 1076 2671 usque
1094 2577 1270 2649 sonabunt

297 2749 396 2817 lllius
415 2750 548 2830 laudes
567 2749 684 2816 anima
704 2751 767 2816 hos
784 2751 871 2817 dum
890 2749 1034 2838 liquerit
1049 2767 1145 2817 artus
1165 2777 1196 2814 ».

299 2919 379 2985 Non
407 2941 446 2985 ea
471 2919 573 3007 plura
599 2917 715 3000 refert,
741 2920 801 2986 sed
821 2958 864 2967 —
890 2917 978 2986 mira
1004 2919 1159 3007 potentia
1185 2919 1257 2987 veri
1277 2923 1282 2984 !
1306 2959 1343 2966 —

296 3086 499 3156 Conversae
518 3085 636 3154 subito
653 3105 790 3154 mentes
807 3087 1018 3175 dextraeque
1037 3108 1215 3175 repressae
1233 3111 1242 3166 ς

298 3257 372 3322 Nec
391 3254 500 3321 siccae
519 3277 681 3322 mansere
701 3277 810 3344 genae
829 3282 836 3321 :
856 3270 930 3322 tum
950 3272 1074 3344 sponte
1093 3254 1248 3321 remissis

297 3423 387 3493 Saxa
405 3423 521 3490 fluunt
542 3423 720 3490 manibus.
750 3424 882 3492 Contra
901 3422 1090 3490 violentius
1108 3423 1250 3505 instant,

298 3591 329 3658 N
335 3613 373 3659 ec
390 3591 520 3658 leviore
542 3613 643 3658 senes
661 3589 742 3657 inde
760 3591 1002 3658 accenduntur
1018 3590 1061 3657 ab
1083 3591 1147 3672 ira,

301 3763 454 3828 Excussa
472 3759 537 3827 sibi
557 3781 663 3847 quam
682 3757 786 3844 tigris
803 3757 995 3848 Gangetica
1013 3760 1153 3848 praeda.

299 3927 493 4017 Praecipue
511 3927 621 3995 saevit
638 3925 733 3994 ferus
751 3927 1011 4016 impatiensque
1028 3925 1159 3996 suroris

296 4095 518 4163 Vociferatur
536 4095 683 4163 Achab:
714 4093 784 4164 «O
804 4095 998 4184 relligionis
1014 4095 1127 4164 avitae

299 4267 499 4355 Degeneres
517 4264 722 4354 priscaeque
741 4263 830 4331 nihil
850 4263 989 4332 virtutis
1005 4265 1186 4349 habentes,

210 4418 217 4428 ⁹
297 4433 417 4521 Quos,
438 4431 505 4500 sibi
527 4454 641 4521 quum
665 4431 778 4521 poscit
803 4431 950 4500 coeleste
978 4432 1114 4522 piacula
1141 4457 1287 4518 numen,

300 4601 459 4671 Feminei
482 4599 680 4692 infringunt
697 4599 879 4686 gemitus!
902 4601 1036 4670 Iniuria
1055 4621 1173 4672 nostra
1191 4623 1243 4672 est
