3936 5578
503 580 562 644 166
907 602 1011 646 ruuas
1036 603 1260 648 itacunuAEus

541 771 683 840 Viscera
702 773 830 841 Razias
847 774 1015 842 exhausta
1036 774 1177 864 proiicit
1194 777 1273 843 alvo
1292 781 1312 844 ¹.

543 939 677 1008 Felices
694 941 846 1009 nimium
864 964 886 1008 o
903 941 1054 1025 animae,
1074 943 1206 1031 quibus
1225 944 1311 1011 hora
1330 944 1483 1012 volucris

540 1113 657 1198 Atque
678 1109 795 1177 brevis
812 1110 913 1178 dolor
930 1129 1091 1179 aeternos
1109 1134 1277 1201 peperere
1294 1113 1498 1202 triumphos
1515 1118 1522 1180 Ξ

541 1277 575 1346 O
597 1300 652 1345 me
670 1279 698 1345 si
777 1284 783 1345 !
801 1279 871 1350 Sed
889 1303 960 1347 non
981 1281 1050 1348 iam
1068 1303 1108 1347 ea
1130 1302 1193 1348 nos
1210 1281 1352 1349 fortuna
1370 1281 1503 1372 fatigat,

542 1448 719 1516 Hostilem
739 1467 775 1517 ut
795 1448 917 1539 iugulo
938 1449 1097 1538 gladium
1116 1450 1333 1541 accipiamus
1351 1451 1469 1534 inulti,

540 1618 604 1684 Vel
623 1618 797 1686 latebrosa
815 1619 905 1686 inter
922 1637 1044 1708 tesqua
1063 1639 1095 1687 et
1113 1621 1252 1710 spelaea
1270 1620 1425 1688 ferarum

544 1787 721 1876 Degamus
739 1787 873 1856 tristem
891 1788 1032 1856 assidua
1047 1787 1238 1856 formidine
1260 1789 1380 1856 vitam.

540 1954 617 2043 Qui
634 1957 850 2044 quandoque
873 1958 967 2024 Deus
986 1957 1093 2024 iustas
1113 1959 1255 2025 exardet
1277 1957 1312 2024 iu
1332 1961 1414 2042 iras,

542 2123 829 2214 Ludibriumque
846 2126 936 2193 hosti
956 2125 1102 2194 meritos
1123 2126 1208 2194 sinit
1229 2149 1303 2194 esse
1322 2128 1484 2216 profanu,

541 2291 587 2362 Se
604 2308 721 2360 tamen
741 2316 854 2382 usque
872 2312 1008 2383 patrem
1026 2294 1202 2376 meminit,
1221 2317 1284 2362 nec
1300 2295 1450 2364 crimina
1468 2294 1583 2364 fassus

543 2462 692 2529 Ferreus
711 2462 804 2530 haud
824 2485 982 2552 unquam
1002 2464 1100 2531 vultu
1121 2464 1268 2532 meliore
1284 2482 1415 2532 tuetur.

543 2629 656 2714 lilius,
671 2653 763 2714 reor,
782 2631 958 2721 impulsus
975 2651 1204 2721 mentemque
1224 2633 1347 2715 secuti,

539 2801 591 2868 Te
605 2800 707 2884 duce,
726 2818 843 2868 sancte
861 2823 1002 2890 parem,
1023 2803 1166 2870 desueta
1185 2802 1445 2892 resumpsimus
1467 2825 1578 2871 arma.

541 2971 591 3039 Ut
607 2969 744 3038 mittam
764 2969 922 3058 patribus
941 2969 1045 3037 validi
1064 2993 1173 3058 quarn
1192 2992 1295 3059 saepe
1316 2969 1447 3038 favoris

541 3139 696 3230 Pignora
714 3158 807 3208 certa
823 3139 932 3222 dedit,
955 3162 1073 3206 nonne
1090 3158 1124 3207 et
1142 3163 1205 3206 nos
1225 3140 1379 3208 vidimus
1400 3140 1466 3230 ipsi

541 3307 707 3378 Sidereos
725 3330 886 3397 proceres
905 3309 1033 3375 nostris
1051 3309 1215 3376 accedere
1233 3308 1375 3387 turmis,

539 3476 733 3545 Terribiles
751 3477 841 3558 visu,
860 3476 983 3566 clypeo
1001 3476 1204 3544 flammante
1221 3499 1399 3558 coruscos,

539 3644 803 3733 Aemoniasque
822 3662 917 3712 metu
936 3644 1053 3712 subito
1070 3661 1211 3734 torpere
1231 3646 1426 3735 phalangas
1449 3647 1486 3712 ²?

541 3813 623 3882 Non
640 3812 728 3880 mihi
748 3834 856 3902 quam
874 3813 1039 3897 du'cibus,
1058 3835 1136 3881 mea
1154 3835 1244 3902 quos
1263 3814 1347 3880 haec
1365 3815 1485 3881 dextra
1504 3813 1670 3903 peremit,

540 3980 628 4049 Plus
651 3981 788 4049 virtutis
806 4000 878 4049 erat
896 4005 1014 4050 rerum
1035 4001 1095 4050 aut
1116 3983 1304 4072 prudentia
1322 3983 1438 4050 maior
1458 4008 1467 4065 ς

539 4149 711 4220 Coelestis
729 4151 789 4218 sed
807 4150 904 4218 enim
921 4151 1004 4219 texit
1021 4153 1109 4219 dum
1126 4173 1183 4218 me
1203 4151 1325 4241 aegide
1346 4168 1476 4233 custos,

540 4319 758 4409 Congressos
776 4341 941 4409 superare
956 4319 1050 4387 dedit
1068 4319 1262 4408 spoliisque
1281 4319 1400 4409 potiri.

602 4675 610 4705 ¹
631 4674 764 4728 Machab.
784 4674 819 4728 ΙΙ.
840 4691 880 4744 14,
897 4675 939 4744 46.
966 4676 1017 4712 ,a
1044 4674 1077 4727 ll.
1100 4691 1138 4738 ro,
1155 4691 1189 4745 ²9
1202 4686 1229 4728 et
1246 4675 1363 4744 passim.
