3936 5578
1018 507 1168 550 uonna

600 681 667 750 His
684 680 791 747 simui
808 679 938 746 evolsit
955 698 1079 746 restes.
1098 679 1328 766 humerisque
1346 679 1527 745 revulsum

598 848 766 918 Ostendit
785 849 920 937 populo
935 866 1062 936 caput:
1082 846 1241 933 undique
1262 846 1372 910 laetus
1389 845 1432 910 ad
1450 863 1541 911 astra

600 1019 631 1086 lt
645 1019 802 1084 clamor:
821 1035 1004 1105 nequeunt
1019 1016 1141 1081 oeulos
1159 1015 1284 1080 satiare
1301 1017 1436 1081 tuendo

600 1187 796 1255 Horriticos
817 1187 946 1266 vultus,
964 1185 1069 1251 etiam
1091 1183 1255 1273 postlata
1273 1185 1445 1253 minaces.

599 1355 674 1444 Qui
694 1357 826 1445 spirare
845 1355 932 1444 picis
951 1356 1102 1422 tremula
1122 1355 1188 1420 sub
1210 1355 1286 1421 luce
1304 1356 1483 1422 ridentur.

601 1525 697 1594 Hinc
718 1525 844 1592 iterum
862 1525 989 1591 tollunt
1006 1525 1144 1591 animos
1163 1542 1196 1590 et
1214 1543 1354 1612 pectora
1374 1525 1531 1597 firmant,

602 1694 788 1784 Dignaque
806 1694 1056 1778 magnanimae
1073 1695 1235 1761 tribuunt
1255 1695 1443 1783 praeconia
1458 1695 1542 1762 ciri.

601 1865 681 1953 lpsa
702 1882 819 1929 autem
841 1863 959 1953 gavisa
975 1885 1100 1952 parum
1120 1863 1354 1952 popularibus
1373 1864 1471 1931 auris

601 2031 745 2121 Effugit.
766 2051 799 2098 et
817 2030 938 2097 solitos
954 2032 1092 2119 quaerit
1109 2033 1321 2120 pudibunda
1339 2055 1511 2101 recessus.

646 2201 770 2269 Primo
791 2201 849 2267 ubi
869 2199 1022 2271 Carmeli
1042 2201 1194 2268 rubuere
1211 2201 1396 2268 cacumina
1414 2203 1501 2273 sote.

602 2371 780 2438 Funditur
796 2393 814 2437 e
835 2369 945 2460 portis
962 2370 1076 2458 pubes
1095 2367 1254 2438 Galilaea
1276 2371 1434 2443 reclusis.

604 2541 746 2630 Speque
764 2561 908 2606 accensa
927 2561 1017 2606 nova
1036 2539 1138 2628 gestit
1155 2539 1377 2607 committere
1397 2562 1570 2630 pugnam.

601 2709 746 2778 Venerit
763 2712 858 2778 unde
876 2730 1002 2798 repens
1023 2709 1113 2776 hosti
1133 2709 1260 2777 fiducia
1277 2729 1394 2801 capto,

602 2879 747 2968 Quidve
765 2879 886 2946 animo
903 2895 1028 2961 struat,
1044 2879 1209 2946 obsessor
1224 2901 1346 2947 secum
1367 2881 1441 2968 ipse
1459 2883 1624 2970 requirit,

604 3050 765 3137 Remque
783 3048 860 3115 ioco
877 3046 1003 3116 vertit:
1025 3070 1091 3114 vox
1113 3048 1197 3115 haec
1213 3049 1443 3117 celeberrima
1465 3051 1594 3120 fertur:

601 3217 776 3288 «Scilicet
793 3217 827 3284 id
849 3233 954 3284 restat
972 3217 1089 3284 solum
1108 3235 1146 3284 ut
1166 3238 1231 3283 nos
1247 3219 1393 3303 agmine
1410 3219 1501 3289 facto

604 3386 778 3454 lnvadant
795 3385 937 3453 latebris
956 3385 1033 3453 ausi
1051 3408 1241 3476 prorepere
1259 3411 1428 3456 mures.»

603 3554 785 3624 Continuo
806 3577 968 3644 proceres
987 3555 1194 3623 Holofernis
1211 3558 1254 3625 ad
1271 3558 1360 3625 ostia
1380 3561 1554 3629 tendunt:

604 3724 784 3792 Mirantur
804 3741 942 3813 praeter
958 3724 1100 3791 solitum
1123 3725 1304 3815 indulgere
1322 3727 1445 3816 quieti,

606 3895 895 3982 Hesternumque
917 3892 979 3960 rati
999 3893 1121 3960 vinum
1142 3895 1332 3978 edormire,
1355 3915 1518 3966 vetantur

605 4059 910 4149 Quandoquidem
929 4059 1047 4126 subito
1065 4061 1229 4150 necopini
1248 4063 1459 4155 abrumpere
1480 4088 1645 4152 somnos,

605 4229 807 4299 Confusam
825 4229 952 4297 tollunt
969 4228 1102 4297 circum
1122 4232 1295 4319 praetoria
1314 4256 1478 4302 murmur
1495 4260 1504 4316 ς

604 4399 701 4466 Tum
721 4398 832 4488 magis
852 4417 956 4486 atque
977 4397 1089 4488 magis
1106 4418 1240 4467 certant
1260 4401 1440 4470 intendere
1458 4425 1594 4486 vocem,

607 4567 784 4655 Scutaque
799 4566 971 4635 collidunt
988 4567 1053 4635 late
1075 4570 1274 4637 resonantia
1293 4571 1401 4653 llictu,
