3936 5578
814 554 907 597 LILiA

363 725 482 807 Parte,
502 724 672 806 Henrice‚
691 725 795 793 refert
817 726 949 816 patriae
967 726 1029 794 tibi
1051 745 1128 794 vota
1145 727 1310 810 dolentis,

407 895 511 961 Parte
531 894 600 961 ciro
618 894 792 984 interpres
809 896 867 962 dat
885 895 1054 985 rapienda
1074 897 1180 964 Noto.

361 1061 507 1153 Sceptra
530 1063 592 1130 tibi
612 1086 741 1152 nempe
760 1065 824 1132 hac
842 1065 942 1132 offert
959 1065 1103 1155 gentilia
1121 1065 1208 1156 lege,

409 1233 457 1302 Ur
477 1232 589 1322 signis
607 1233 741 1300 adimas
759 1233 831 1300 iiiia
850 1233 940 1323 picta
959 1235 1040 1302 ruis.

362 1401 403 1467 ln
427 1401 593 1469 manibus
611 1401 751 1469 fortuna
773 1402 835 1471 tibi
856 1423 929 1471 est:
955 1403 1043 1471 nihil
1063 1404 1217 1494 amplius
1235 1405 1349 1472 obstat

408 1569 509 1658 Quin
529 1571 623 1638 curis
643 1590 774 1638 statuas
791 1572 987 1661 exsilioque
1004 1574 1165 1641 modum.

364 1741 486 1830 Regna
505 1757 643 1822 vocant,
663 1740 753 1807 bene
771 1763 860 1829 quae
879 1759 977 1830 pacta
995 1745 1156 1810 mercede
1178 1743 1337 1832 parabis:

409 1909 473 1978 Eia
491 1933 564 2000 age.
585 1910 671 1998 quid
693 1911 836 1976 cessas?
855 1910 974 2000 accipe
991 1912 1106 1999 daque
1124 1913 1244 1980 fidem.

363 2079 448 2145 Post
466 2078 524 2145 ubi
545 2078 710 2145 sublimis
728 2101 848 2146 rerum
869 2079 1033 2146 tractabis
1055 2080 1223 2164 habenas

407 2246 587 2336 irritaqui
609 2248 728 2337 culpet
748 2248 887 2316 foedera
907 2248 1026 2316 nuilus
1043 2248 1117 2317 erit.

360 2415 509 2486 Obstitit
528 2416 680 2507 egregiis
699 2417 855 2505 probitas
873 2440 977 2508 saepe
995 2418 1097 2485 anxia
1113 2419 1259 2508 coeptis,

407 2585 521 2675 Saepe
540 2586 605 2653 fuit
624 2585 717 2674 plebi
738 2586 842 2653 verba
860 2586 998 2654 dedisse
1020 2588 1132 2676 pium.

362 2754 501 2823 Abnuit
520 2754 672 2823 invictus
689 2755 816 2823 sinceri
839 2757 989 2845 pectoris
1010 2758 1125 2838 beros,

408 2925 477 2991 Et:
502 2949 521 2986 «
539 2925 718 2991 Damnosa
737 2924 829 3004 licet,
851 2946 931 2992 vera
950 2925 1098 3007 fatebor,
1119 2925 1175 2992 ait.

366 3093 505 3160 Fraude
527 3092 585 3159 alii
603 3091 670 3159 sibi
690 3115 796 3182 regna
816 3112 958 3182 parent:
979 3094 1067 3161 mihi
1086 3117 1243 3184 purpura
1262 3117 1446 3184 nunquam

409 3261 515 3328 Tanti
535 3260 601 3328 erit
618 3279 656 3328 ut
672 3279 829 3329 mentem
848 3262 1073 3330 dissimulare
1093 3263 1208 3331 velim.

366 3431 448 3498 Non
471 3431 670 3519 spernenda
692 3430 838 3519 quidem
861 3431 1065 3499 memoratis
1083 3433 1252 3521 praemia,
1270 3433 1363 3500 cives
1381 3459 1389 3514 ς

409 3599 480 3670 Sed
498 3621 622 3689 capere
643 3599 772 3666 indicta
790 3600 993 3668 conditione
1013 3618 1120 3668 vetor.

363 3767 469 3854 Quae
487 3767 613 3835 dilecta
631 3791 726 3835 meas
747 3767 960 3835 umbrarunt
977 3766 1050 3833 lilia
1066 3789 1187 3852 cunas,

411 3938 454 4003 Et
473 3937 614 4004 tumulo
632 3938 716 4004 fient
735 3955 814 4026 apta
828 3957 957 4003 corona
975 3957 1067 4003 meo.

366 4104 434 4172 His
452 4105 528 4172 sine
550 4105 598 4172 nii
618 4105 711 4194 plebi
733 4105 846 4172 delata
864 4127 883 4171 a
901 4105 1002 4194 plebe
1024 4122 1176 4194 potestas

412 4274 590 4358 Proderit,
611 4292 645 4341 et
664 4274 755 4364 regis
776 4296 907 4341 nornen
929 4274 1032 4341 inane
1051 4297 1183 4364 geram.

364 4441 552 4532 Obsequio
572 4443 623 4510 fas
641 4461 692 4510 est
708 4443 856 4511 mercari
876 4462 1010 4533 sceptra
1028 4445 1209 4533 tyrannis:

407 4617 479 4679 Aur
497 4611 585 4679 nihil
607 4630 666 4680 aut
684 4634 763 4680 vere
784 4635 843 4679 rex
860 4634 925 4702 ego
943 4629 1055 4679 vester
1075 4635 1145 4680 ero.
