<?xml version="1.0" encoding="UTF-8"?>
<!DOCTYPE html PUBLIC "-//W3C//DTD XHTML 1.0 Transitional//EN"
    "http://www.w3.org/TR/xhtml1/DTD/xhtml1-transitional.dtd">
<html xmlns="http://www.w3.org/1999/xhtml" xml:lang="en" lang="en">
 <head>
  <title>
</title>
<meta http-equiv="Content-Type" content="text/html;charset=utf-8" />
  <meta name='ocr-system' content='tesseract 3.04.00' />
  <meta name='ocr-capabilities' content='ocr_page ocr_carea ocr_par ocr_line ocrx_word'/>
</head>
<body>
  <div class='ocr_page' id='page_1' title='image "./petriesseivacar00essegoog_0225.png"; bbox 0 0 3936 5578; ppageno 0'>
   <div class='ocr_carea' id='block_1_1' title="bbox 805 545 939 588">
    <p class='ocr_par' dir='ltr' id='par_1_1' title="bbox 805 545 939 588">
     <span class='ocr_line' id='line_1_1' title="bbox 805 545 939 588; baseline 0 -1"><span class='ocrx_word' id='word_1_1' title='bbox 805 545 939 588; x_wconf 80' lang='lat' dir='ltr'>ESTllER</span> 
     </span>
    </p>
   </div>
   <div class='ocr_carea' id='block_1_2' title="bbox 285 715 1317 4016">
    <p class='ocr_par' dir='ltr' id='par_1_2' title="bbox 289 715 1209 800">
     <span class='ocr_line' id='line_1_2' title="bbox 289 715 1209 800; baseline -0.001 -16"><span class='ocrx_word' id='word_1_2' title='bbox 289 716 430 784; x_wconf 83' lang='lat' dir='ltr'>Allevat</span> <span class='ocrx_word' id='word_1_3' title='bbox 446 735 604 785; x_wconf 89' lang='lat' dir='ltr'>orantem</span> <span class='ocrx_word' id='word_1_4' title='bbox 624 716 805 800; x_wconf 89' lang='lat' dir='ltr'>dominus,</span> <span class='ocrx_word' id='word_1_5' title='bbox 825 716 905 783; x_wconf 90' lang='lat' dir='ltr'>dein</span> <span class='ocrx_word' id='word_1_6' title='bbox 926 716 1011 784; x_wconf 91' lang='lat' dir='ltr'>haec</span> <span class='ocrx_word' id='word_1_7' title='bbox 1031 715 1078 783; x_wconf 92' lang='lat' dir='ltr'>ita</span> <span class='ocrx_word' id='word_1_8' title='bbox 1096 716 1209 785; x_wconf 87' lang='lat' dir='ltr'>latur:</span> 
     </span>
    </p>

    <p class='ocr_par' dir='ltr' id='par_1_3' title="bbox 288 885 1297 1144">
     <span class='ocr_line' id='line_1_3' title="bbox 288 885 1297 976; baseline 0.007 -29"><span class='ocrx_word' id='word_1_9' title='bbox 288 910 310 948; x_wconf 87' lang='lat'>«</span> <span class='ocrx_word' id='word_1_10' title='bbox 326 887 416 953; x_wconf 89' lang='lat' dir='ltr'>Rem</span> <span class='ocrx_word' id='word_1_11' title='bbox 435 885 524 975; x_wconf 85' lang='lat' dir='ltr'>peris</span> <span class='ocrx_word' id='word_1_12' title='bbox 542 885 734 968; x_wconf 76' lang='lat' dir='ltr'>insolitam,</span> <span class='ocrx_word' id='word_1_13' title='bbox 756 907 835 952; x_wconf 88' lang='lat' dir='ltr'>mea</span> <span class='ocrx_word' id='word_1_14' title='bbox 854 886 925 968; x_wconf 88' lang='lat' dir='ltr'>lux,</span> <span class='ocrx_word' id='word_1_15' title='bbox 944 907 1071 975; x_wconf 85' lang='lat' dir='ltr'>nempe</span> <span class='ocrx_word' id='word_1_16' title='bbox 1089 885 1187 954; x_wconf 88' lang='lat' dir='ltr'>irrita</span> <span class='ocrx_word' id='word_1_17' title='bbox 1205 887 1297 976; x_wconf 82' lang='lat' dir='ltr'>regis</span> 
     </span>
     <span class='ocr_line' id='line_1_4' title="bbox 290 1053 1143 1144; baseline -0.002 -20"><span class='ocrx_word' id='word_1_18' title='bbox 290 1055 339 1124; x_wconf 91' lang='lat' dir='ltr'>Ut</span> <span class='ocrx_word' id='word_1_19' title='bbox 358 1073 494 1122; x_wconf 89' lang='lat' dir='ltr'>cessent</span> <span class='ocrx_word' id='word_1_20' title='bbox 511 1055 635 1135; x_wconf 89' lang='lat' dir='ltr'>edicta,</span> <span class='ocrx_word' id='word_1_21' title='bbox 655 1055 843 1144; x_wconf 82' lang='lat' dir='ltr'>palamque</span> <span class='ocrx_word' id='word_1_22' title='bbox 861 1053 904 1122; x_wconf 92' lang='lat' dir='ltr'>sit</span> <span class='ocrx_word' id='word_1_23' title='bbox 923 1054 1017 1122; x_wconf 90' lang='lat' dir='ltr'>illius</span> <span class='ocrx_word' id='word_1_24' title='bbox 1035 1077 1143 1122; x_wconf 91' lang='lat' dir='ltr'>error.</span> 
     </span>
    </p>

    <p class='ocr_par' dir='ltr' id='par_1_4' title="bbox 285 1221 1317 1649">
     <span class='ocr_line' id='line_1_5' title="bbox 290 1221 1317 1313; baseline -0.002 -21"><span class='ocrx_word' id='word_1_25' title='bbox 290 1222 361 1293; x_wconf 86' lang='lat' dir='ltr'>Sed</span> <span class='ocrx_word' id='word_1_26' title='bbox 380 1223 463 1312; x_wconf 91' lang='lat' dir='ltr'>quia</span> <span class='ocrx_word' id='word_1_27' title='bbox 483 1223 571 1290; x_wconf 87' lang='lat' dir='ltr'>iusta</span> <span class='ocrx_word' id='word_1_28' title='bbox 591 1245 706 1313; x_wconf 86' lang='lat' dir='ltr'>rogas,</span> <span class='ocrx_word' id='word_1_29' title='bbox 726 1245 788 1290; x_wconf 92' lang='lat' dir='ltr'>nec</span> <span class='ocrx_word' id='word_1_30' title='bbox 806 1244 892 1313; x_wconf 85' lang='lat' dir='ltr'>gens</span> <span class='ocrx_word' id='word_1_31' title='bbox 910 1221 996 1289; x_wconf 91' lang='lat' dir='ltr'>mihi</span> <span class='ocrx_word' id='word_1_32' title='bbox 1015 1223 1149 1307; x_wconf 79' lang='lat' dir='ltr'>gratior</span> <span class='ocrx_word' id='word_1_33' title='bbox 1166 1223 1237 1290; x_wconf 92' lang='lat' dir='ltr'>ulla</span> <span class='ocrx_word' id='word_1_34' title='bbox 1254 1241 1317 1306; x_wconf 88' lang='lat' dir='ltr'>est,</span> 
     </span>
     <span class='ocr_line' id='line_1_6' title="bbox 285 1391 1263 1481; baseline 0.001 -23"><span class='ocrx_word' id='word_1_35' title='bbox 285 1391 409 1480; x_wconf 90' lang='lat' dir='ltr'>Quam</span> <span class='ocrx_word' id='word_1_36' title='bbox 430 1392 534 1459; x_wconf 90' lang='lat' dir='ltr'>talem</span> <span class='ocrx_word' id='word_1_37' title='bbox 556 1411 695 1481; x_wconf 88' lang='lat' dir='ltr'>quaere</span> <span class='ocrx_word' id='word_1_38' title='bbox 713 1391 851 1477; x_wconf 76' lang='lat' dir='ltr'>genuit,</span> <span class='ocrx_word' id='word_1_39' title='bbox 871 1391 1052 1480; x_wconf 90' lang='lat' dir='ltr'>laetusque</span> <span class='ocrx_word' id='word_1_40' title='bbox 1070 1393 1263 1480; x_wconf 89' lang='lat' dir='ltr'>volensque</span> 
     </span>
     <span class='ocr_line' id='line_1_7' title="bbox 289 1560 1151 1649; baseline 0 -21"><span class='ocrx_word' id='word_1_41' title='bbox 289 1562 343 1628; x_wconf 94' lang='lat' dir='ltr'>Do</span> <span class='ocrx_word' id='word_1_42' title='bbox 361 1561 455 1649; x_wconf 89' lang='lat' dir='ltr'>quod</span> <span class='ocrx_word' id='word_1_43' title='bbox 478 1561 551 1627; x_wconf 89' lang='lat' dir='ltr'>vis:</span> <span class='ocrx_word' id='word_1_44' title='bbox 574 1560 651 1627; x_wconf 85' lang='lat' dir='ltr'>licet</span> <span class='ocrx_word' id='word_1_45' title='bbox 671 1560 826 1627; x_wconf 84' lang='lat' dir='ltr'>insontes</span> <span class='ocrx_word' id='word_1_46' title='bbox 844 1560 1040 1628; x_wconf 91' lang='lat' dir='ltr'>subducere</span> <span class='ocrx_word' id='word_1_47' title='bbox 1062 1561 1151 1642; x_wconf 82' lang='lat' dir='ltr'>lcto;</span> 
     </span>
    </p>

    <p class='ocr_par' dir='ltr' id='par_1_5' title="bbox 286 1728 1279 2325">
     <span class='ocr_line' id='line_1_8' title="bbox 286 1728 1229 1818; baseline 0 -22"><span class='ocrx_word' id='word_1_48' title='bbox 286 1728 393 1817; x_wconf 88' lang='lat' dir='ltr'><strong>Quae</strong></span> <span class='ocrx_word' id='word_1_49' title='bbox 409 1747 525 1795; x_wconf 88' lang='lat' dir='ltr'>tamen</span> <span class='ocrx_word' id='word_1_50' title='bbox 549 1747 587 1796; x_wconf 92' lang='lat' dir='ltr'>ut</span> <span class='ocrx_word' id='word_1_51' title='bbox 607 1729 732 1818; x_wconf 83' lang='lat' dir='ltr'>sceptri</span> <span class='ocrx_word' id='word_1_52' title='bbox 752 1729 846 1794; x_wconf 89' lang='lat' dir='ltr'>salva</span> <span class='ocrx_word' id='word_1_53' title='bbox 864 1729 1033 1818; x_wconf 84' lang='lat' dir='ltr'>gravitate</span> <span class='ocrx_word' id='word_1_54' title='bbox 1049 1748 1229 1818; x_wconf 84' lang='lat' dir='ltr'>gerantur,</span> 
     </span>
     <span class='ocr_line' id='line_1_9' title="bbox 292 1897 1182 1986; baseline -0.003 -19"><span class='ocrx_word' id='word_1_55' title='bbox 292 1897 449 1967; x_wconf 80' lang='lat' dir='ltr'>Consule</span> <span class='ocrx_word' id='word_1_56' title='bbox 466 1920 545 1964; x_wconf 91' lang='lat' dir='ltr'>cum</span> <span class='ocrx_word' id='word_1_57' title='bbox 566 1917 704 1986; x_wconf 87' lang='lat' dir='ltr'>patruo,</span> <span class='ocrx_word' id='word_1_58' title='bbox 727 1916 846 1964; x_wconf 89' lang='lat' dir='ltr'>noster</span> <span class='ocrx_word' id='word_1_59' title='bbox 862 1897 917 1965; x_wconf 90' lang='lat' dir='ltr'>cui</span> <span class='ocrx_word' id='word_1_60' title='bbox 937 1898 1091 1965; x_wconf 91' lang='lat' dir='ltr'>creditus</span> <span class='ocrx_word' id='word_1_61' title='bbox 1108 1917 1182 1964; x_wconf 92' lang='lat' dir='ltr'>esto</span> 
     </span>
     <span class='ocr_line' id='line_1_10' title="bbox 288 2066 1279 2156; baseline -0.001 -23"><span class='ocrx_word' id='word_1_62' title='bbox 288 2067 471 2149; x_wconf 84' lang='lat' dir='ltr'>Annulus,</span> <span class='ocrx_word' id='word_1_63' title='bbox 490 2085 594 2156; x_wconf 90' lang='lat' dir='ltr'>atque</span> <span class='ocrx_word' id='word_1_64' title='bbox 611 2068 716 2134; x_wconf 82' lang='lat' dir='ltr'>Asiae</span> <span class='ocrx_word' id='word_1_65' title='bbox 734 2088 876 2134; x_wconf 87' lang='lat' dir='ltr'>mecum</span> <span class='ocrx_word' id='word_1_66' title='bbox 896 2067 956 2156; x_wconf 89' lang='lat' dir='ltr'>qui</span> <span class='ocrx_word' id='word_1_67' title='bbox 976 2084 1096 2134; x_wconf 86' lang='lat' dir='ltr'>tractet</span> <span class='ocrx_word' id='word_1_68' title='bbox 1114 2066 1279 2133; x_wconf 82' lang='lat' dir='ltr'>habenas.</span> 
     </span>
     <span class='ocr_line' id='line_1_11' title="bbox 291 2234 1221 2325; baseline -0.002 -21"><span class='ocrx_word' id='word_1_69' title='bbox 291 2234 365 2304; x_wconf 89' lang='lat' dir='ltr'>Olli</span> <span class='ocrx_word' id='word_1_70' title='bbox 386 2237 465 2302; x_wconf 89' lang='lat' dir='ltr'>ideo</span> <span class='ocrx_word' id='word_1_71' title='bbox 484 2236 606 2302; x_wconf 80' lang='lat' dir='ltr'>urinas</span> <span class='ocrx_word' id='word_1_72' title='bbox 623 2235 836 2325; x_wconf 84' lang='lat' dir='ltr'>obstringor,</span> <span class='ocrx_word' id='word_1_73' title='bbox 856 2236 950 2324; x_wconf 92' lang='lat' dir='ltr'>quod</span> <span class='ocrx_word' id='word_1_74' title='bbox 968 2235 1103 2324; x_wconf 88' lang='lat' dir='ltr'>depulit</span> <span class='ocrx_word' id='word_1_75' title='bbox 1120 2258 1221 2302; x_wconf 88' lang='lat' dir='ltr'>enses</span> 
     </span>
    </p>

    <p class='ocr_par' dir='ltr' id='par_1_6' title="bbox 288 2404 1275 2656">
     <span class='ocr_line' id='line_1_12' title="bbox 288 2404 1275 2494; baseline 0.001 -23"><span class='ocrx_word' id='word_1_76' title='bbox 288 2404 328 2471; x_wconf 93' lang='lat' dir='ltr'>In</span> <span class='ocrx_word' id='word_1_77' title='bbox 351 2424 456 2494; x_wconf 88' lang='lat' dir='ltr'>caput</span> <span class='ocrx_word' id='word_1_78' title='bbox 478 2405 543 2472; x_wconf 93' lang='lat' dir='ltr'>hoc</span> <span class='ocrx_word' id='word_1_79' title='bbox 561 2405 697 2472; x_wconf 90' lang='lat' dir='ltr'>strictos</span> <span class='ocrx_word' id='word_1_80' title='bbox 713 2428 812 2472; x_wconf 87' lang='lat' dir='ltr'>casso</span> <span class='ocrx_word' id='word_1_81' title='bbox 830 2404 1032 2486; x_wconf 88' lang='lat' dir='ltr'>conamine,</span> <span class='ocrx_word' id='word_1_82' title='bbox 1051 2427 1158 2493; x_wconf 91' lang='lat' dir='ltr'>quam</span> <span class='ocrx_word' id='word_1_83' title='bbox 1180 2407 1275 2493; x_wconf 92' lang='lat' dir='ltr'>quod</span> 
     </span>
     <span class='ocr_line' id='line_1_13' title="bbox 289 2573 1122 2656; baseline 0.001 -16"><span class='ocrx_word' id='word_1_84' title='bbox 289 2573 432 2640; x_wconf 85' lang='lat' dir='ltr'>Induxit</span> <span class='ocrx_word' id='word_1_85' title='bbox 449 2574 615 2641; x_wconf 86' lang='lat' dir='ltr'>thalamis</span> <span class='ocrx_word' id='word_1_86' title='bbox 632 2593 678 2656; x_wconf 87' lang='lat' dir='ltr'>te,</span> <span class='ocrx_word' id='word_1_87' title='bbox 700 2574 827 2641; x_wconf 90' lang='lat' dir='ltr'>coniux</span> <span class='ocrx_word' id='word_1_88' title='bbox 845 2597 963 2654; x_wconf 91' lang='lat' dir='ltr'>aurea,</span> <span class='ocrx_word' id='word_1_89' title='bbox 984 2574 1122 2641; x_wconf 88' lang='lat' dir='ltr'>nostris.</span> 
     </span>
    </p>

    <p class='ocr_par' dir='ltr' id='par_1_7' title="bbox 287 2742 1239 3002">
     <span class='ocr_line' id='line_1_14' title="bbox 293 2742 1239 2833; baseline 0.001 -24"><span class='ocrx_word' id='word_1_90' title='bbox 293 2743 400 2809; x_wconf 92' lang='lat' dir='ltr'>Nunc</span> <span class='ocrx_word' id='word_1_91' title='bbox 417 2765 493 2833; x_wconf 86' lang='lat' dir='ltr'>age,</span> <span class='ocrx_word' id='word_1_92' title='bbox 515 2742 541 2809; x_wconf 92' lang='lat' dir='ltr'>si</span> <span class='ocrx_word' id='word_1_93' title='bbox 559 2766 627 2831; x_wconf 90' lang='lat' dir='ltr'>qua</span> <span class='ocrx_word' id='word_1_94' title='bbox 649 2765 755 2831; x_wconf 90' lang='lat' dir='ltr'>super</span> <span class='ocrx_word' id='word_1_95' title='bbox 772 2743 876 2810; x_wconf 90' lang='lat' dir='ltr'>tacito</span> <span class='ocrx_word' id='word_1_96' title='bbox 894 2743 959 2809; x_wconf 91' lang='lat' dir='ltr'>sub</span> <span class='ocrx_word' id='word_1_97' title='bbox 977 2743 1080 2810; x_wconf 90' lang='lat' dir='ltr'>corde</span> <span class='ocrx_word' id='word_1_98' title='bbox 1102 2760 1239 2831; x_wconf 89' lang='lat' dir='ltr'>reposta</span> 
     </span>
     <span class='ocr_line' id='line_1_15' title="bbox 287 2911 1151 3002; baseline 0.001 -25"><span class='ocrx_word' id='word_1_99' title='bbox 287 2912 378 2978; x_wconf 88' lang='lat' dir='ltr'>Vota</span> <span class='ocrx_word' id='word_1_100' title='bbox 396 2911 505 2996; x_wconf 86' lang='lat' dir='ltr'>loves,</span> <span class='ocrx_word' id='word_1_101' title='bbox 525 2912 662 3002; x_wconf 84' lang='lat' dir='ltr'>profer:</span> <span class='ocrx_word' id='word_1_102' title='bbox 684 2912 868 2980; x_wconf 88' lang='lat' dir='ltr'>lassaberis</span> <span class='ocrx_word' id='word_1_103' title='bbox 884 2930 963 2979; x_wconf 90' lang='lat' dir='ltr'>ante</span> <span class='ocrx_word' id='word_1_104' title='bbox 981 2911 1151 2992; x_wconf 85' lang='lat' dir='ltr'>iubenda,</span> 
     </span>
    </p>

    <p class='ocr_par' dir='ltr' id='par_1_8' title="bbox 286 3079 1243 3340">
     <span class='ocr_line' id='line_1_16' title="bbox 288 3079 1243 3170; baseline -0.001 -23"><span class='ocrx_word' id='word_1_105' title='bbox 288 3079 413 3168; x_wconf 90' lang='lat' dir='ltr'>Quam</span> <span class='ocrx_word' id='word_1_106' title='bbox 432 3102 496 3147; x_wconf 94' lang='lat' dir='ltr'>nos</span> <span class='ocrx_word' id='word_1_107' title='bbox 514 3081 680 3170; x_wconf 89' lang='lat' dir='ltr'>parendo.</span> <span class='ocrx_word' id='word_1_108' title='bbox 699 3081 804 3150; x_wconf 84' lang='lat' dir='ltr'>»Cui</span> <span class='ocrx_word' id='word_1_109' title='bbox 824 3080 904 3146; x_wconf 87' lang='lat' dir='ltr'>talia</span> <span class='ocrx_word' id='word_1_110' title='bbox 924 3079 1075 3148; x_wconf 88' lang='lat' dir='ltr'>reddidit</span> <span class='ocrx_word' id='word_1_111' title='bbox 1095 3080 1243 3148; x_wconf 84' lang='lat' dir='ltr'>Esther:</span> 
     </span>
     <span class='ocr_line' id='line_1_17' title="bbox 286 3248 1158 3340; baseline -0.003 -23"><span class='ocrx_word' id='word_1_112' title='bbox 286 3249 359 3319; x_wconf 86' lang='lat' dir='ltr'>«Si</span> <span class='ocrx_word' id='word_1_113' title='bbox 376 3249 520 3317; x_wconf 89' lang='lat' dir='ltr'>thalami</span> <span class='ocrx_word' id='word_1_114' title='bbox 541 3273 612 3317; x_wconf 93' lang='lat' dir='ltr'>non</span> <span class='ocrx_word' id='word_1_115' title='bbox 632 3267 846 3338; x_wconf 89' lang='lat' dir='ltr'>pertaesum,</span> <span class='ocrx_word' id='word_1_116' title='bbox 866 3270 929 3316; x_wconf 91' lang='lat' dir='ltr'>nec</span> <span class='ocrx_word' id='word_1_117' title='bbox 949 3249 1058 3340; x_wconf 89' lang='lat' dir='ltr'>gratia</span> <span class='ocrx_word' id='word_1_118' title='bbox 1081 3248 1158 3316; x_wconf 87' lang='lat' dir='ltr'>vilis</span> 
     </span>
    </p>

    <p class='ocr_par' dir='ltr' id='par_1_9' title="bbox 290 3418 1243 3676">
     <span class='ocr_line' id='line_1_18' title="bbox 290 3418 1243 3508; baseline -0.003 -22"><span class='ocrx_word' id='word_1_119' title='bbox 290 3421 352 3487; x_wconf 87' lang='lat' dir='ltr'>Est</span> <span class='ocrx_word' id='word_1_120' title='bbox 369 3441 460 3501; x_wconf 86' lang='lat' dir='ltr'>mea,</span> <span class='ocrx_word' id='word_1_121' title='bbox 482 3419 656 3486; x_wconf 85' lang='lat' dir='ltr'>concessis</span> <span class='ocrx_word' id='word_1_122' title='bbox 673 3440 800 3500; x_wconf 90' lang='lat' dir='ltr'>unum,</span> <span class='ocrx_word' id='word_1_123' title='bbox 824 3441 960 3508; x_wconf 87' lang='lat' dir='ltr'>precor,</span> <span class='ocrx_word' id='word_1_124' title='bbox 980 3418 1125 3507; x_wconf 89' lang='lat' dir='ltr'>insuper</span> <span class='ocrx_word' id='word_1_125' title='bbox 1143 3419 1243 3486; x_wconf 89' lang='lat' dir='ltr'>adde.</span> 
     </span>
     <span class='ocr_line' id='line_1_19' title="bbox 291 3586 1115 3676; baseline -0.001 -22"><span class='ocrx_word' id='word_1_126' title='bbox 291 3589 372 3654; x_wconf 94' lang='lat' dir='ltr'>Non</span> <span class='ocrx_word' id='word_1_127' title='bbox 392 3589 487 3655; x_wconf 89' lang='lat' dir='ltr'>solus</span> <span class='ocrx_word' id='word_1_128' title='bbox 504 3588 645 3655; x_wconf 89' lang='lat' dir='ltr'>rabidos</span> <span class='ocrx_word' id='word_1_129' title='bbox 662 3587 824 3676; x_wconf 90' lang='lat' dir='ltr'>concepit</span> <span class='ocrx_word' id='word_1_130' title='bbox 845 3605 960 3654; x_wconf 88' lang='lat' dir='ltr'>mente</span> <span class='ocrx_word' id='word_1_131' title='bbox 979 3586 1115 3654; x_wconf 80' lang='lat' dir='ltr'>furores</span> 
     </span>
    </p>

    <p class='ocr_par' dir='ltr' id='par_1_10' title="bbox 288 3755 1210 4016">
     <span class='ocr_line' id='line_1_20' title="bbox 288 3755 1210 3847; baseline -0.003 -21"><span class='ocrx_word' id='word_1_132' title='bbox 288 3755 424 3826; x_wconf 83' lang='lat' dir='ltr'>Saevus</span> <span class='ocrx_word' id='word_1_133' title='bbox 440 3761 556 3825; x_wconf 80' lang='lat' dir='ltr'>Aman</span> <span class='ocrx_word' id='word_1_134' title='bbox 574 3776 582 3824; x_wconf 90' lang='lat'>:</span> <span class='ocrx_word' id='word_1_135' title='bbox 602 3757 741 3824; x_wconf 90' lang='lat' dir='ltr'>animos</span> <span class='ocrx_word' id='word_1_136' title='bbox 760 3758 857 3847; x_wconf 86' lang='lat' dir='ltr'>regni</span> <span class='ocrx_word' id='word_1_137' title='bbox 876 3757 1033 3846; x_wconf 88' lang='lat' dir='ltr'>dispersa</span> <span class='ocrx_word' id='word_1_138' title='bbox 1052 3779 1114 3846; x_wconf 89' lang='lat' dir='ltr'>per</span> <span class='ocrx_word' id='word_1_139' title='bbox 1130 3779 1210 3824; x_wconf 90' lang='lat' dir='ltr'>oras</span> 
     </span>
     <span class='ocr_line' id='line_1_21' title="bbox 290 3926 1157 4016; baseline -0.001 -21"><span class='ocrx_word' id='word_1_140' title='bbox 290 3926 443 3995; x_wconf 86' lang='lat' dir='ltr'>Conscia</span> <span class='ocrx_word' id='word_1_141' title='bbox 463 3926 566 3994; x_wconf 89' lang='lat' dir='ltr'>turba</span> <span class='ocrx_word' id='word_1_142' title='bbox 583 3927 698 3995; x_wconf 90' lang='lat' dir='ltr'>dedit:</span> <span class='ocrx_word' id='word_1_143' title='bbox 722 3927 841 4016; x_wconf 87' lang='lat' dir='ltr'>plures</span> <span class='ocrx_word' id='word_1_144' title='bbox 862 3927 996 3994; x_wconf 84' lang='lat' dir='ltr'>invenit</span> <span class='ocrx_word' id='word_1_145' title='bbox 1012 3926 1157 4015; x_wconf 89' lang='lat' dir='ltr'>ubique,</span> 
     </span>
    </p>
   </div>
   <div class='ocr_carea' id='block_1_3' title="bbox 292 4095 1215 4185">
    <p class='ocr_par' dir='ltr' id='par_1_11' title="bbox 292 4095 1215 4185">
     <span class='ocr_line' id='line_1_22' title="bbox 292 4095 1215 4185; baseline -0.001 -20"><span class='ocrx_word' id='word_1_146' title='bbox 292 4097 341 4165; x_wconf 91' lang='lat' dir='ltr'>Ut</span> <span class='ocrx_word' id='word_1_147' title='bbox 355 4095 494 4185; x_wconf 80' lang='lat' dir='ltr'>generis</span> <span class='ocrx_word' id='word_1_148' title='bbox 512 4097 625 4164; x_wconf 88' lang='lat' dir='ltr'>socios</span> <span class='ocrx_word' id='word_1_149' title='bbox 643 4095 796 4185; x_wconf 89' lang='lat' dir='ltr'>perversi</span> <span class='ocrx_word' id='word_1_150' title='bbox 821 4103 842 4174; x_wconf 88' lang='lat'>¹,</span> <span class='ocrx_word' id='word_1_151' title='bbox 862 4096 906 4164; x_wconf 89' lang='lat' dir='ltr'>ita</span> <span class='ocrx_word' id='word_1_152' title='bbox 924 4097 1054 4163; x_wconf 88' lang='lat' dir='ltr'>mentis</span> <span class='ocrx_word' id='word_1_153' title='bbox 1073 4096 1215 4185; x_wconf 91' lang='lat' dir='ltr'>iniquae</span> 
     </span>
    </p>
   </div>
   <div class='ocr_carea' id='block_1_4' title="bbox 287 4262 1179 4354">
    <p class='ocr_par' dir='ltr' id='par_1_12' title="bbox 287 4262 1179 4354">
     <span class='ocr_line' id='line_1_23' title="bbox 287 4262 1179 4354; baseline 0 -24"><span class='ocrx_word' id='word_1_154' title='bbox 287 4262 495 4352; x_wconf 74' lang='lat' dir='ltr'>participes,</span> <span class='ocrx_word' id='word_1_155' title='bbox 517 4263 577 4353; x_wconf 91' lang='lat' dir='ltr'>qui</span> <span class='ocrx_word' id='word_1_156' title='bbox 596 4286 660 4331; x_wconf 88' lang='lat' dir='ltr'>nos</span> <span class='ocrx_word' id='word_1_157' title='bbox 678 4264 775 4330; x_wconf 93' lang='lat' dir='ltr'>nullo</span> <span class='ocrx_word' id='word_1_158' title='bbox 793 4285 864 4332; x_wconf 95' lang='lat' dir='ltr'>non</span> <span class='ocrx_word' id='word_1_159' title='bbox 882 4282 1041 4354; x_wconf 90' lang='lat' dir='ltr'>tempore</span> <span class='ocrx_word' id='word_1_160' title='bbox 1060 4263 1179 4332; x_wconf 89' lang='lat' dir='ltr'>crudis</span> 
     </span>
    </p>
   </div>
   <div class='ocr_carea' id='block_1_5' title="bbox 290 4513 1456 4675">
    <p class='ocr_par' dir='ltr' id='par_1_13' title="bbox 290 4513 1456 4675">
     <span class='ocr_line' id='line_1_24' title="bbox 396 4513 1456 4586; baseline 0.002 -19"><span class='ocrx_word' id='word_1_161' title='bbox 396 4513 403 4544; x_wconf 92' lang='lat'>¹</span> <span class='ocrx_word' id='word_1_162' title='bbox 424 4515 488 4568; x_wconf 73' lang='lat' dir='ltr'>Non</span> <span class='ocrx_word' id='word_1_163' title='bbox 503 4515 610 4569; x_wconf 83' lang='lat' dir='ltr'>desunt</span> <span class='ocrx_word' id='word_1_164' title='bbox 624 4516 728 4570; x_wconf 88' lang='lat' dir='ltr'>eruditi</span> <span class='ocrx_word' id='word_1_165' title='bbox 743 4515 793 4584; x_wconf 85' lang='lat' dir='ltr'>qui</span> <span class='ocrx_word' id='word_1_166' title='bbox 810 4527 912 4586; x_wconf 86' lang='lat' dir='ltr'>putent</span> <span class='ocrx_word' id='word_1_167' title='bbox 927 4516 1098 4570; x_wconf 89' lang='lat' dir='ltr'>ludaeorum</span> <span class='ocrx_word' id='word_1_168' title='bbox 1116 4517 1212 4570; x_wconf 89' lang='lat' dir='ltr'>hostes</span> <span class='ocrx_word' id='word_1_169' title='bbox 1227 4517 1263 4568; x_wconf 89' lang='lat' dir='ltr'>ab</span> <span class='ocrx_word' id='word_1_170' title='bbox 1279 4516 1348 4586; x_wconf 90' lang='lat' dir='ltr'>ipsis</span> <span class='ocrx_word' id='word_1_171' title='bbox 1359 4533 1456 4570; x_wconf 81' lang='lat' dir='ltr'>caesos</span> 
     </span>
     <span class='ocr_line' id='line_1_25' title="bbox 290 4619 575 4675; baseline 0.011 -4"><span class='ocrx_word' id='word_1_172' title='bbox 290 4619 461 4674; x_wconf 76' lang='lat' dir='ltr'>Amalecltas</span> <span class='ocrx_word' id='word_1_173' title='bbox 478 4621 575 4675; x_wconf 85' lang='lat' dir='ltr'>luisse.</span> 
     </span>
    </p>
   </div>
   <div class='ocr_carea' id='block_1_6' title="bbox 0 0 1981 5578">
    <p class='ocr_par' dir='ltr' id='par_1_14' title="bbox 0 0 1981 5578">
     <span class='ocr_line' id='line_1_26' title="bbox 0 0 1981 5578; baseline 0 0"><span class='ocrx_word' id='word_1_174' title='bbox 0 0 1981 5578; x_wconf 95' lang='lat' dir='ltr'> </span> 
     </span>
    </p>
   </div>
  </div>
 </body>
</html>
