3970 5580
819 580 969 624 tuuthra

398 752 472 819 Nec
490 750 557 818 sibi
575 768 678 840 turpe
700 771 825 841 putant
846 770 985 820 sanctae
1006 755 1197 821 concedere
1215 755 1296 822 vati.

441 920 505 987 llla
523 920 583 987 ubi
603 943 665 1010 per
681 921 793 987 noctis
811 921 970 988 divinam
990 921 1188 1011 impensius
1207 924 1311 991 horas

396 1090 562 1158 Exoravit
579 1112 700 1179 opem,
718 1108 750 1157 et
770 1090 961 1159 discrimen
985 1091 1018 1158 in
1040 1113 1145 1159 omne
1168 1109 1323 1182 paratam

396 1259 572 1347 Proposiri
594 1259 781 1327 admonuit
800 1278 938 1328 maturo
958 1260 1101 1328 Lucifer
1119 1281 1212 1344 ortu,

397 1429 547 1517 Expedit
563 1447 709 1496 ornatus
726 1451 864 1511 omncs,
884 1429 1094 1497 melioribus
1112 1429 1216 1497 annis

394 1596 499 1684 Quos
517 1597 626 1682 gessit
644 1598 806 1665 nondum
825 1615 924 1686 rapto
943 1598 1112 1687 placitura
1132 1599 1332 1682 Manassae,

396 1767 501 1834 Nunc
522 1788 662 1834 memor
682 1767 840 1834 exstincti
861 1765 1015 1834 lacrimis
1037 1767 1163 1834 irrorat
1180 1767 1325 1836 obortis.

395 1935 563 2003 induitur
579 1935 737 2002 tunicam
756 1935 830 2003 lino
848 1937 1019 2003 candente
1040 1937 1225 2016 fluentem,

396 2105 438 2171 Et
458 2103 569 2190 Tyrio
587 2105 715 2193 pallam
735 2104 844 2172 sumit
861 2104 915 2172 bis
936 2104 1070 2171 murice
1087 2105 1233 2173 tinctam
1252 2129 1260 2193 3

393 2272 562 2344 Sandalia
583 2274 762 2363 excipiunt
778 2291 917 2341 teneras
934 2273 1037 2340 exilia
1055 2273 1207 2363 plantas,

393 2441 462 2513 Sed
481 2442 635 2509 minimo
652 2443 768 2531 ampla
788 2443 887 2531 pedi:
911 2442 1049 2510 baccata
1069 2442 1214 2509 monilia
1232 2443 1322 2509 collo

392 2612 624 2701 Dependent:
645 2612 754 2679 nardo
772 2612 969 2679 redolentes
987 2611 1091 2678 mitra
1109 2629 1243 2679 coercet

394 2779 491 2847 Picta
508 2802 641 2863 comas,
660 2803 766 2869 quam
786 2780 999 2847 subnectunt
1017 2779 1222 2847 redimicula
1243 2799 1373 2848 mento

390 2953 487 3016 Aure
508 2949 620 3015 nitent
637 2970 819 3038 gemmae:
843 2965 968 3015 teretes
988 2947 1126 3014 armilla
1145 2950 1291 3015 lacertos

391 3116 533 3206 Alligat‚
556 3133 588 3183 et
604 3116 725 3207 digitis
746 3117 852 3185 rutilo
870 3116 975 3184 micat
992 3117 1148 3184 annulus
1161 3117 1259 3184 orbe.

390 3285 488 3352 Talis
506 3284 571 3352 erit
588 3284 706 3364 facies,
727 3285 806 3353 talis
827 3285 904 3368 tibi,
926 3286 1048 3353 Edissa
1069 3291 1092 3368 ¹,
1113 3304 1269 3375 paratus

394 3453 576 3521 Fratribus
595 3453 722 3520 infensi
741 3454 857 3521 flectes
875 3476 987 3543 quum
1006 3472 1144 3543 pectora
1165 3454 1268 3544 regis.

393 3623 551 3690 Praestat
571 3645 676 3712 opem
698 3624 864 3690 dominae
885 3623 1040 3691 ornatrix
1059 3623 1231 3690 maturior
1253 3644 1352 3704 aevu,

393 3792 544 3859 Parvula
565 3815 633 3881 qua
653 3792 769 3881 posuit
788 3792 932 3882 vestigia
951 3791 1066 3880 prima
1088 3791 1272 3877 magistra,

393 3960 621 4049 imponitque
639 3982 788 4028 manum
807 3962 900 4028 cultu
920 3959 1078 4027 studiosa
1096 3981 1317 4050 supremam,

392 4129 620 4219 Castigatque
640 4131 751 4212 sinus,
771 4129 955 4217 formaque
977 4128 1138 4218 superbit
1155 4129 1333 4196 alumnae.

394 4299 527 4366 Functa
546 4297 754 4366 ministeriis
773 4321 868 4387 pera,
892 4298 940 4364 sic
962 4297 1068 4380 iussa,
1091 4298 1230 4387 reponit

410 4556 419 4587 ¹
439 4555 521 4624 «Qui
538 4555 592 4610 fuit
608 4555 747 4610 nutritius
762 4555 834 4610 tiliae
849 4555 942 4610 lratris
957 4555 1001 4610 sui
1016 4555 1150 4615 Edissae,
1167 4571 1242 4625 quae
1255 4558 1343 4610 altero
1358 4557 1477 4611 nomine

302 4663 460 4717 vocabatur
474 4661 591 4716 Estlrer.
606 4661 740 4716 »Esther
757 4661 791 4715 ll.
809 4680 833 4732 7.
1080 4635 1083 4644 ’
