3936 5578
512 555 568 620 192
1027 551 1163 594 rsrmsrt

506 727 634 816 Quum
654 726 754 795 ducis
770 724 906 793 adversi
927 725 1021 792 haud
1039 724 1181 792 Iuditha
1198 721 1376 811 expaverit
1395 743 1471 801 ora,

506 895 680 986 Coniugis
697 896 883 984 adspectus
900 916 939 960 ea
957 893 1162 961 formidaret
1179 891 1357 958 amantis?

508 1063 636 1155 Eligat,
658 1063 733 1153 ipsa
751 1085 816 1131 suo
836 1062 959 1131 iratres
976 1084 1115 1130 servare
1134 1060 1265 1150 periclo

508 1233 622 1313 Melit,
641 1254 685 1299 an
707 1231 852 1299 alterius
868 1249 1000 1298 tantam
1019 1229 1210 1296 concedere
1229 1229 1371 1296 laudem

507 1401 652 1481 Virtuti,
672 1399 900 1489 nequeenim
922 1398 1148 1488 poscentibus
1165 1397 1285 1466 abfore
1303 1419 1437 1464 numen
1455 1422 1465 1477 ς

508 1568 630 1657 Quam
650 1591 731 1636 vero
753 1568 831 1636 forti
849 1567 973 1635 timida
995 1568 1088 1634 haud
1109 1567 1272 1635 averterit
1290 1589 1391 1646 aus0,

509 1739 597 1806 Fors
615 1738 680 1828 ipsi
699 1737 896 1826 domuique
911 1759 994 1803 suae
1013 1737 1220 1825 impendere
1240 1735 1396 1802 ruinam.

509 1907 568 1979 Sic
588 1908 676 1975 altor
693 1907 798 1986 fidus,
818 1906 875 1996 pia
892 1906 948 1973 cui
967 1905 1128 1973 rescribit
1144 1905 1289 1972 alumna
1310 1933 1318 1972 :

508 2103 529 2140 «
544 2077 626 2144 Non
645 2097 723 2166 ego,
741 2075 839 2142 mitte
859 2075 974 2164 queri,
993 2073 1147 2164 perferre
1165 2092 1319 2141 extrema
1337 2094 1461 2140 recuso

509 2245 657 2318 Omnia,
676 2265 750 2334 quo
767 2261 905 2312 nostros
923 2243 1066 2311 instanti
1085 2266 1103 2309 a
1123 2261 1234 2310 morte
1252 2244 1432 2310 reducam.

509 2419 555 2483 At
572 2436 671 2482 mora
692 2436 824 2503 quaeso
841 2413 950 2480 trium
969 2413 1055 2479 mihi
1077 2413 1121 2479 sit
1137 2434 1301 2478 concessa
1317 2411 1473 2490 dierum,

509 2585 689 2673 Tempore
706 2604 917 2673 supremum
935 2605 1006 2670 quo
1024 2604 1087 2671 per
1107 2581 1238 2648 ieiunia
1258 2581 1400 2648 Patrem

511 2752 651 2840 Perque
672 2774 792 2841 preces
809 2773 986 2827 moveam,
1003 2771 1132 2840 magna
1153 2769 1191 2817 ut
1211 2749 1275 2817 rite
1296 2773 1374 2816 orsa
1392 2749 1575 2816 secundet.

510 2922 566 2989 Tu
586 2943 669 2987 vero
685 2919 938 3009 etquicunque
959 2919 1027 3008 piis
1043 2942 1084 2985 ex
1101 2919 1268 2986 fratribus
1285 2919 1409 2986 urbem

512 3089 682 3163 Incolitis,
702 3088 790 3156 mihi
811 3111 854 3156 ne
871 3111 990 3157 rerum
1009 3089 1075 3156 sub
1093 3089 1236 3156 cardine
1253 3110 1396 3154 summo

512 3259 651 3330 Deeste.
670 3259 730 3326 sed
747 3258 900 3325 assiduis
918 3281 1058 3324 mecum
1076 3257 1279 3325 contendite
1297 3257 1399 3324 rotis.
1419 3283 1439 3315 s>

558 3429 687 3494 Laetus
706 3427 779 3494 abit
796 3428 939 3494 senior:
962 3427 1032 3493 coit
1050 3427 1208 3516 undique
1228 3426 1331 3493 turba
1349 3425 1508 3514 piorum.

514 3596 753 3684 Expertesque
771 3595 839 3662 cibi
859 3618 922 3684 per
937 3613 1054 3662 ternus
1071 3595 1196 3663 ordine
1217 3595 1312 3662 luces

514 3765 739 3852 lixarumque
757 3765 887 3834 Deum.
909 3765 1118 3852 sublataque
1135 3765 1278 3830 brachiu
1295 3765 1438 3830 lassant.

515 3935 594 4022 lpsu
612 3935 742 4000 domus
759 3934 887 4000 Esther
902 3952 1034 4000 secreto
1055 3934 1190 4001 inclusa
1211 3956 1364 4002 recessu.

514 4101 718 4169 Det'ornmta
736 4121 811 4169 atro
829 4102 978 4169 laniatos
999 4103 1143 4191 pairere
1163 4103 1279 4170 crines

514 4271 573 4341 Sic
595 4271 760 4338 munibus
778 4273 890 4360 passis
907 4274 1100 4360 animoque
1118 4291 1150 4340 et
1169 4296 1250 4340 roce
1269 4291 1452 4362 precatur:

514 4470 535 4500 e
551 4438 700 4510 Summe
719 4442 814 4508 Deus
831 4442 886 4508 cui
906 4465 942 4509 se
964 4443 1069 4509 lsrael
1088 4441 1277 4509 committit
1293 4442 1337 4508 ab
1355 4463 1457 4513 aero,

516 4609 642 4696 Quum
659 4631 838 4699 perspectu
859 4611 921 4678 tibi
940 4613 1055 4678 cordis
1074 4613 1264 4701 penetralia
1283 4612 1407 4683 nostri.
