3972 5654
536 455 553 496 2

558 453 600 514 ’,Ἣ
833 452 947 494 ἶ’ἓ,ἶ,ἱ
975 454 996 494 ll
1014 455 1131 498 §tineis
1156 457 1415 503 PEFEGFlNATZQ

584 626 734 712 lunser
756 623 812 689 ilie
829 625 889 690 diu
908 647 1007 691 caeca
1026 629 1176 716 ca1³gine
1194 652 1312 695 merso

626 793 712 882 Qua
730 791 791 859 tibi
813 795 961 860 lucescat
980 815 1153 864 monstrat
1169 798 1214 863 ab
1232 817 1305 864 arte
1321 800 1409 864 dics.

584 967 681 1033 llaec
698 983 767 1048 ego
786 986 856 1028 non
877 987 1033 1051 unquam
1054 965 1256 1033 immemori
1276 969 1303 1033 si
1325 989 1440 1035 meme
1461 991 1648 1044 retracto.

627 1133 733 1223 Quae
753 1133 836 1198 satis
856 1135 974 1222 ampla
993 1135 1069 1199 viro
1088 1137 1247 1223 praemia
1264 1139 1380 1204 danda
1403 1142 1507 1205 rear?

584 1303 689 1371 Nulla
708 1322 824 1369 tamen
845 1305 979 1368 meritis
997 1303 1102 1370 luerit
1122 1329 1165 1371 ne
1182 1307 1292 1394 gratia
1311 1309 1432 1374 tantis.

631 1471 828 1541 Dimidium
849 1495 953 1560 gazae
971 1475 1106 1542 tollere.
1125 1498 1270 1562 quaeso,
1292 1475 1422 1542 iube.»

586 1641 686 1710 Dicta
706 1643 830 1732 probat
849 1642 1010 1730 genitor:
1030 1643 1216 1710 confestim
1234 1647 1423 1712 arcessitur
1439 1647 1590 1736 hospes.

633 1815 730 1880 llaec
750 1814 793 1878 ad
811 1834 917 1901 quem
937 1813 1017 1878 iusti
1038 1813 1142 1879 rerba
1160 1812 1257 1880 luere
1274 1815 1394 1880 senis:

586 1979 655 2050 «Ο
677 1981 764 2049 milri
783 1981 928 2047 dilectos
948 1981 1037 2049 inter
1058 1982 1210 2070 praelate
1231 1983 1384 2050 sodales.

632 2149 737 2239 Quos
757 2151 834 2218 tulit
857 2151 961 2218 lsrael
980 2153 1115 2240 tlosque
1132 2152 1311 2240 decusque
1329 2151 1445 2218 virum
1466 2157 1473 2216 ἔ

589 2321 729 2410 Sospite
750 2321 844 2410 quod
864 2339 945 2386 nato
962 2319 1073 2389 lruor.
1096 2338 1129 2386 et
1146 2320 1313 2408 spirabile
1331 2320 1417 2387 coeli

634 2490 804 2579 Adspicio
823 2491 955 2570 lumen,
976 2490 1136 2555 muneris
1153 2512 1261 2556 omne
1279 2489 1328 2557 tui
1351 2507 1413 2556 est.

588 2659 646 2726 Tu
664 2657 752 2724 milti
774 2659 835 2724 das
852 2659 936 2725 olim
955 2681 1053 2725 caros
1075 2680 1215 2746 sperare
1234 2679 1394 2747 nepotes,

640 2825 851 2914 Divitiisque
869 2826 982 2914 reples
1001 2849 1128 2915 meque
1149 2848 1336 2914 meamque
1354 2828 1516 2893 domum.

590 2997 662 3064 Tot
680 2997 770 3062 bona
792 3018 904 3084 quum
926 2995 1078 3077 dederis,
1098 3013 1215 3062 tamen
1239 2999 1303 3062 ltoc
1323 2995 1476 3063 concede
1496 3018 1734 3086 supremum,

642 3166 683 3234 Et
700 3165 884 3232 cumulum
904 3164 1038 3231 meritis
1057 3186 1163 3246 nunc,
1183 3186 1320 3253 precor,
1340 3165 1431 3232 adde
1449 3164 1531 3231 tuis.

595 3335 793 3405 Dimidium
807 3357 934 3402 census
955 3357 999 3401 ne
1016 3335 1207 3425 dedignare
1226 3335 1350 3424 parati,

640 3507 683 3574 Et
704 3505 782 3572 licet
799 3505 915 3594 ampla
934 3526 1059 3594 parunt
1078 3504 1221 3570 consule
1242 3505 1335 3571 dona
1354 3503 1488 3570 boni.»

598 3675 762 3743 Dixerat:
786 3673 931 3742 Azarias
953 3673 1091 3763 placido
1109 3672 1157 3739 sic
1175 3672 1303 3762 excipit
1319 3694 1400 3740 ore:

641 3885 680 3894 -
710 3847 801 3912 Dum
820 3843 977 3932 loquitur
994 3842 1105 3928 fulget
1121 3842 1236 3910 fronte
1254 3865 1430 3931 supernus
1452 3843 1589 3909 honos:
1610 3884 1652 3890 -

597 4041 616 4080 «
634 4014 729 4084 Huic
747 4014 944 4081 mercedem
967 4012 1070 4079 offers
1091 4013 1235 4102 ignarus
1253 4033 1409 4100 opesque
1427 4012 1589 4081 caducas.

644 4184 765 4273 Quem
786 4181 875 4250 nihil
894 4182 1092 4248 immensus
1109 4181 1204 4269 quod
1222 4179 1335 4247 trahat
1352 4180 1450 4248 orbis
1468 4179 1584 4248 habet.

600 4357 693 4424 Nam
713 4350 970 4432 tnihi‚'mortali
988 4367 1120 4417 cretum
1139 4371 1244 4438 quern
1264 4348 1398 4416 semine
1420 4349 1520 4430 reris,

645 4521 841 4592 Coelicolas
860 4519 953 4587 inter
969 4537 1035 4586 stat
1052 4541 1159 4608 super
1175 4536 1265 4585 astra
1282 4518 1422 4584 domus.
