<?xml version="1.0" encoding="UTF-8"?>
<!DOCTYPE html PUBLIC "-//W3C//DTD XHTML 1.0 Transitional//EN"
    "http://www.w3.org/TR/xhtml1/DTD/xhtml1-transitional.dtd">
<html xmlns="http://www.w3.org/1999/xhtml" xml:lang="en" lang="en">
 <head>
  <title>
</title>
<meta http-equiv="Content-Type" content="text/html;charset=utf-8" />
  <meta name='ocr-system' content='tesseract 3.04.00' />
  <meta name='ocr-capabilities' content='ocr_page ocr_carea ocr_par ocr_line ocrx_word'/>
</head>
<body>
  <div class='ocr_page' id='page_1' title='image "./petriesseivacar00essegoog_0203.png"; bbox 0 0 3936 5578; ppageno 0'>
   <div class='ocr_carea' id='block_1_1' title="bbox 291 2058 1207 3154">
    <p class='ocr_par' dir='ltr' id='par_1_1' title="bbox 294 2058 1130 2320">
     <span class='ocr_line' id='line_1_1' title="bbox 294 2058 1130 2129; baseline 0.004 -3"><span class='ocrx_word' id='word_1_1' title='bbox 294 2058 358 2126; x_wconf 86' lang='lat' dir='ltr'>Illa</span> <span class='ocrx_word' id='word_1_2' title='bbox 374 2059 531 2126; x_wconf 90' lang='lat' dir='ltr'>canenda</span> <span class='ocrx_word' id='word_1_3' title='bbox 551 2059 638 2127; x_wconf 90' lang='lat' dir='ltr'>mihi</span> <span class='ocrx_word' id='word_1_4' title='bbox 661 2060 768 2127; x_wconf 88' lang='lat' dir='ltr'>sactis</span> <span class='ocrx_word' id='word_1_5' title='bbox 784 2061 1014 2128; x_wconf 84' lang='lat' dir='ltr'>celeberrima</span> <span class='ocrx_word' id='word_1_6' title='bbox 1034 2061 1130 2129; x_wconf 85' lang='lat' dir='ltr'>fastis</span> 
     </span>
     <span class='ocr_line' id='line_1_2' title="bbox 294 2228 1054 2320; baseline 0.001 -24"><span class='ocrx_word' id='word_1_7' title='bbox 294 2228 469 2311; x_wconf 74' lang='lat' dir='ltr'>Heroina,</span> <span class='ocrx_word' id='word_1_8' title='bbox 486 2229 593 2296; x_wconf 87' lang='lat' dir='ltr'>decus</span> <span class='ocrx_word' id='word_1_9' title='bbox 614 2228 766 2296; x_wconf 85' lang='lat' dir='ltr'>Iudaeae</span> <span class='ocrx_word' id='word_1_10' title='bbox 789 2229 907 2297; x_wconf 87' lang='lat' dir='ltr'>nobile</span> <span class='ocrx_word' id='word_1_11' title='bbox 927 2231 1054 2320; x_wconf 68' lang='lat' dir='ltr'>gentis,</span> 
     </span>
    </p>

    <p class='ocr_par' dir='ltr' id='par_1_2' title="bbox 291 2397 1207 3154">
     <span class='ocr_line' id='line_1_3' title="bbox 293 2397 1207 2488; baseline 0 -23"><span class='ocrx_word' id='word_1_12' title='bbox 293 2397 402 2488; x_wconf 91' lang='lat' dir='ltr'>Regis</span> <span class='ocrx_word' id='word_1_13' title='bbox 419 2397 651 2464; x_wconf 82' lang='lat' dir='ltr'>Achaemenii</span> <span class='ocrx_word' id='word_1_14' title='bbox 669 2398 843 2465; x_wconf 83' lang='lat' dir='ltr'>thalamos</span> <span class='ocrx_word' id='word_1_15' title='bbox 861 2397 1016 2487; x_wconf 86' lang='lat' dir='ltr'>ingressa</span> <span class='ocrx_word' id='word_1_16' title='bbox 1034 2400 1207 2488; x_wconf 84' lang='lat' dir='ltr'>superbos</span> 
     </span>
     <span class='ocr_line' id='line_1_4' title="bbox 292 2565 1077 2655; baseline 0.001 -21"><span class='ocrx_word' id='word_1_17' title='bbox 292 2565 398 2654; x_wconf 87' lang='lat' dir='ltr'><strong>Quae</strong></span> <span class='ocrx_word' id='word_1_18' title='bbox 419 2566 545 2634; x_wconf 89' lang='lat' dir='ltr'>virtute</span> <span class='ocrx_word' id='word_1_19' title='bbox 562 2566 620 2655; x_wconf 87' lang='lat' dir='ltr'>pia</span> <span class='ocrx_word' id='word_1_20' title='bbox 637 2584 670 2634; x_wconf 91' lang='lat' dir='ltr'>et</span> <span class='ocrx_word' id='word_1_21' title='bbox 686 2565 810 2633; x_wconf 92' lang='lat' dir='ltr'>divino</span> <span class='ocrx_word' id='word_1_22' title='bbox 827 2568 962 2635; x_wconf 86' lang='lat' dir='ltr'>concita</span> <span class='ocrx_word' id='word_1_23' title='bbox 980 2586 1077 2635; x_wconf 88' lang='lat' dir='ltr'>motu</span> 
     </span>
     <span class='ocr_line' id='line_1_5' title="bbox 291 2734 1199 2826; baseline -0.002 -22"><span class='ocrx_word' id='word_1_24' title='bbox 291 2734 426 2804; x_wconf 90' lang='lat' dir='ltr'>Omnia</span> <span class='ocrx_word' id='word_1_25' title='bbox 445 2736 656 2825; x_wconf 71' lang='lat' dir='ltr'><strong>postposuit,</strong></span> <span class='ocrx_word' id='word_1_26' title='bbox 675 2758 738 2802; x_wconf 87' lang='lat' dir='ltr'>nec</span> <span class='ocrx_word' id='word_1_27' title='bbox 755 2736 845 2803; x_wconf 90' lang='lat' dir='ltr'>vitae</span> <span class='ocrx_word' id='word_1_28' title='bbox 864 2736 1023 2803; x_wconf 89' lang='lat' dir='ltr'>animosa</span> <span class='ocrx_word' id='word_1_29' title='bbox 1042 2737 1199 2826; x_wconf 84' lang='lat' dir='ltr'>pepercit</span> 
     </span>
     <span class='ocr_line' id='line_1_6' title="bbox 292 2903 1179 2994; baseline 0.001 -24"><span class='ocrx_word' id='word_1_30' title='bbox 292 2903 373 2992; x_wconf 87' lang='lat' dir='ltr'>Ipsa</span> <span class='ocrx_word' id='word_1_31' title='bbox 393 2926 490 2986; x_wconf 79' lang='lat' dir='ltr'>suae,</span> <span class='ocrx_word' id='word_1_32' title='bbox 514 2905 647 2994; x_wconf 90' lang='lat' dir='ltr'>populo</span> <span class='ocrx_word' id='word_1_33' title='bbox 668 2927 739 2971; x_wconf 90' lang='lat' dir='ltr'>non</span> <span class='ocrx_word' id='word_1_34' title='bbox 759 2904 861 2993; x_wconf 88' lang='lat' dir='ltr'>aequi</span> <span class='ocrx_word' id='word_1_35' title='bbox 882 2923 919 2973; x_wconf 91' lang='lat' dir='ltr'>ut</span> <span class='ocrx_word' id='word_1_36' title='bbox 940 2906 1045 2972; x_wconf 90' lang='lat' dir='ltr'>corda</span> <span class='ocrx_word' id='word_1_37' title='bbox 1063 2905 1179 2973; x_wconf 89' lang='lat' dir='ltr'>mariti</span> 
     </span>
     <span class='ocr_line' id='line_1_7' title="bbox 292 3073 1111 3154; baseline 0.001 -15"><span class='ocrx_word' id='word_1_38' title='bbox 292 3073 477 3154; x_wconf 68' lang='lat' dir='ltr'>necteret,</span> <span class='ocrx_word' id='word_1_39' title='bbox 494 3090 527 3140; x_wconf 91' lang='lat' dir='ltr'>et</span> <span class='ocrx_word' id='word_1_40' title='bbox 543 3075 635 3141; x_wconf 89' lang='lat' dir='ltr'>cives</span> <span class='ocrx_word' id='word_1_41' title='bbox 653 3073 758 3141; x_wconf 89' lang='lat' dir='ltr'>morti</span> <span class='ocrx_word' id='word_1_42' title='bbox 777 3075 988 3141; x_wconf 88' lang='lat' dir='ltr'>subduceret</span> <span class='ocrx_word' id='word_1_43' title='bbox 1005 3093 1111 3141; x_wconf 86' lang='lat' dir='ltr'>atrae.</span> 
     </span>
    </p>
   </div>
   <div class='ocr_carea' id='block_1_2' title="bbox 291 3241 1141 3332">
    <p class='ocr_par' dir='ltr' id='par_1_3' title="bbox 291 3241 1141 3332">
     <span class='ocr_line' id='line_1_8' title="bbox 291 3241 1141 3332; baseline -0.007 -20"><span class='ocrx_word' id='word_1_44' title='bbox 291 3241 329 3312; x_wconf 91' lang='lat' dir='ltr'>Si</span> <span class='ocrx_word' id='word_1_45' title='bbox 349 3241 414 3309; x_wconf 92' lang='lat' dir='ltr'>tibi</span> <span class='ocrx_word' id='word_1_46' title='bbox 432 3242 481 3309; x_wconf 92' lang='lat' dir='ltr'>sic</span> <span class='ocrx_word' id='word_1_47' title='bbox 498 3242 644 3310; x_wconf 88' lang='lat' dir='ltr'>meritae</span> <span class='ocrx_word' id='word_1_48' title='bbox 662 3260 853 3332; x_wconf 86' lang='lat' dir='ltr'>patuerunt</span> <span class='ocrx_word' id='word_1_49' title='bbox 873 3243 960 3311; x_wconf 87' lang='lat' dir='ltr'>atria</span> <span class='ocrx_word' id='word_1_50' title='bbox 978 3243 1080 3322; x_wconf 78' lang='lat' dir='ltr'>coeli,</span> <span class='ocrx_word' id='word_1_51' title='bbox 1098 3283 1141 3291; x_wconf 94' lang='lat'><strong>—</strong></span> 
     </span>
    </p>
   </div>
   <div class='ocr_carea' id='block_1_3' title="bbox 291 3399 1252 3502">
    <p class='ocr_par' dir='ltr' id='par_1_4' title="bbox 291 3399 1252 3502">
     <span class='ocr_line' id='line_1_9' title="bbox 291 3399 1252 3502; baseline 0.002 -24"><span class='ocrx_word' id='word_1_52' title='bbox 291 3413 335 3479; x_wconf 89' lang='lat' dir='ltr'>Et</span> <span class='ocrx_word' id='word_1_53' title='bbox 352 3411 507 3499; x_wconf 87' lang='lat' dir='ltr'>patuisse</span> <span class='ocrx_word' id='word_1_54' title='bbox 529 3411 651 3499; x_wconf 74' lang='lat' dir='ltr'>liquet,</span> <span class='ocrx_word' id='word_1_55' title='bbox 672 3453 710 3461; x_wconf 92' lang='lat'><em>-</em></span> <span class='ocrx_word' id='word_1_56' title='bbox 727 3413 859 3502; x_wconf 86' lang='lat' dir='ltr'>coeptis</span> <span class='ocrx_word' id='word_1_57' title='bbox 876 3412 1083 3494; x_wconf 77' lang='lat' dir='ltr'>audacibus,</span> <span class='ocrx_word' id='word_1_58' title='bbox 1105 3399 1252 3494; x_wconf 49' lang='lat' dir='ltr'>Esther,¹</span> 
     </span>
    </p>
   </div>
   <div class='ocr_carea' id='block_1_4' title="bbox 287 3580 1279 4511">
    <p class='ocr_par' dir='ltr' id='par_1_5' title="bbox 287 3580 1279 4511">
     <span class='ocr_line' id='line_1_10' title="bbox 291 3580 1279 3670; baseline 0 -22"><span class='ocrx_word' id='word_1_59' title='bbox 291 3581 419 3648; x_wconf 84' lang='lat' dir='ltr'>Dextra</span> <span class='ocrx_word' id='word_1_60' title='bbox 436 3580 527 3662; x_wconf 74' lang='lat' dir='ltr'>fave,</span> <span class='ocrx_word' id='word_1_61' title='bbox 547 3598 732 3668; x_wconf 83' lang='lat' dir='ltr'>vatemque</span> <span class='ocrx_word' id='word_1_62' title='bbox 753 3599 854 3648; x_wconf 88' lang='lat' dir='ltr'>tuum</span> <span class='ocrx_word' id='word_1_63' title='bbox 873 3603 987 3670; x_wconf 88' lang='lat' dir='ltr'>prono</span> <span class='ocrx_word' id='word_1_64' title='bbox 1007 3580 1147 3670; x_wconf 84' lang='lat' dir='ltr'>adspice</span> <span class='ocrx_word' id='word_1_65' title='bbox 1169 3581 1279 3648; x_wconf 91' lang='lat' dir='ltr'>vultu.</span> 
     </span>
     <span class='ocr_line' id='line_1_11' title="bbox 334 3749 1195 3840; baseline -0.001 -23"><span class='ocrx_word' id='word_1_66' title='bbox 334 3749 569 3840; x_wconf 82' lang='lat' dir='ltr'>Magnanimo</span> <span class='ocrx_word' id='word_1_67' title='bbox 586 3751 766 3838; x_wconf 90' lang='lat' dir='ltr'>quondam</span> <span class='ocrx_word' id='word_1_68' title='bbox 787 3749 908 3817; x_wconf 90' lang='lat' dir='ltr'>victori</span> <span class='ocrx_word' id='word_1_69' title='bbox 928 3749 1070 3817; x_wconf 90' lang='lat' dir='ltr'>subdita</span> <span class='ocrx_word' id='word_1_70' title='bbox 1087 3749 1195 3838; x_wconf 74' lang='lat' dir='ltr'>Cyru,</span> 
     </span>
     <span class='ocr_line' id='line_1_12' title="bbox 288 3916 1134 4008; baseline -0.004 -23"><span class='ocrx_word' id='word_1_71' title='bbox 288 3917 507 4008; x_wconf 84' lang='lat' dir='ltr'>Aethiopum</span> <span class='ocrx_word' id='word_1_72' title='bbox 526 3941 543 3984; x_wconf 91' lang='lat' dir='ltr'>a</span> <span class='ocrx_word' id='word_1_73' title='bbox 561 3917 663 3985; x_wconf 87' lang='lat' dir='ltr'>terris</span> <span class='ocrx_word' id='word_1_74' title='bbox 681 3916 850 3984; x_wconf 89' lang='lat' dir='ltr'>latissima</span> <span class='ocrx_word' id='word_1_75' title='bbox 870 3940 976 4006; x_wconf 92' lang='lat' dir='ltr'>regna</span> <span class='ocrx_word' id='word_1_76' title='bbox 993 3917 1134 3984; x_wconf 88' lang='lat' dir='ltr'>tenebat</span> 
     </span>
     <span class='ocr_line' id='line_1_13' title="bbox 287 4085 1259 4176; baseline -0.005 -20"><span class='ocrx_word' id='word_1_77' title='bbox 287 4092 479 4168; x_wconf 70' lang='lat' dir='ltr'>Assuerus,</span> <span class='ocrx_word' id='word_1_78' title='bbox 500 4087 592 4154; x_wconf 86' lang='lat' dir='ltr'>salso</span> <span class='ocrx_word' id='word_1_79' title='bbox 610 4109 723 4176; x_wconf 89' lang='lat' dir='ltr'>usque</span> <span class='ocrx_word' id='word_1_80' title='bbox 745 4109 853 4176; x_wconf 87' lang='lat' dir='ltr'>vagus</span> <span class='ocrx_word' id='word_1_81' title='bbox 870 4109 940 4175; x_wconf 87' lang='lat' dir='ltr'>qua</span> <span class='ocrx_word' id='word_1_82' title='bbox 957 4085 1096 4176; x_wconf 82' lang='lat' dir='ltr'>gurgite</span> <span class='ocrx_word' id='word_1_83' title='bbox 1116 4085 1259 4175; x_wconf 79' lang='lat' dir='ltr'>Ganges</span> 
     </span>
     <span class='ocr_line' id='line_1_14' title="bbox 290 4255 1199 4345; baseline -0.004 -21"><span class='ocrx_word' id='word_1_84' title='bbox 290 4256 497 4345; x_wconf 78' lang='lat' dir='ltr'>Excipitur3</span> <span class='ocrx_word' id='word_1_85' title='bbox 520 4279 606 4324; x_wconf 90' lang='lat' dir='ltr'>neve</span> <span class='ocrx_word' id='word_1_86' title='bbox 628 4256 714 4322; x_wconf 91' lang='lat' dir='ltr'>haec</span> <span class='ocrx_word' id='word_1_87' title='bbox 731 4274 897 4344; x_wconf 90' lang='lat' dir='ltr'>caperent</span> <span class='ocrx_word' id='word_1_88' title='bbox 916 4279 935 4322; x_wconf 91' lang='lat' dir='ltr'>a</span> <span class='ocrx_word' id='word_1_89' title='bbox 957 4255 1056 4322; x_wconf 86' lang='lat' dir='ltr'>litore</span> <span class='ocrx_word' id='word_1_90' title='bbox 1073 4273 1199 4336; x_wconf 72' lang='lat' dir='ltr'>metas,</span> 
     </span>
     <span class='ocr_line' id='line_1_15' title="bbox 288 4423 1176 4511; baseline -0.002 -19"><span class='ocrx_word' id='word_1_91' title='bbox 288 4425 493 4493; x_wconf 86' lang='lat' dir='ltr'>Innumeris</span> <span class='ocrx_word' id='word_1_92' title='bbox 511 4442 647 4491; x_wconf 85' lang='lat' dir='ltr'>vastum</span> <span class='ocrx_word' id='word_1_93' title='bbox 667 4424 825 4491; x_wconf 89' lang='lat' dir='ltr'>sulcabat</span> <span class='ocrx_word' id='word_1_94' title='bbox 842 4423 1013 4491; x_wconf 86' lang='lat' dir='ltr'>classibus</span> <span class='ocrx_word' id='word_1_95' title='bbox 1031 4446 1176 4511; x_wconf 90' lang='lat' dir='ltr'>aequor.</span> 
     </span>
    </p>
   </div>
   <div class='ocr_carea' id='block_1_5' title="bbox 288 4593 1142 4682">
    <p class='ocr_par' dir='ltr' id='par_1_6' title="bbox 288 4593 1142 4682">
     <span class='ocr_line' id='line_1_16' title="bbox 288 4593 1142 4682; baseline -0.002 -21"><span class='ocrx_word' id='word_1_96' title='bbox 288 4593 388 4682; x_wconf 89' lang='lat' dir='ltr'>Quid</span> <span class='ocrx_word' id='word_1_97' title='bbox 406 4611 524 4660; x_wconf 91' lang='lat' dir='ltr'>tamen</span> <span class='ocrx_word' id='word_1_98' title='bbox 544 4615 648 4660; x_wconf 89' lang='lat' dir='ltr'>eoum</span> <span class='ocrx_word' id='word_1_99' title='bbox 667 4593 844 4662; x_wconf 88' lang='lat' dir='ltr'>moderari</span> <span class='ocrx_word' id='word_1_100' title='bbox 864 4593 1001 4682; x_wconf 87' lang='lat' dir='ltr'>legibus</span> <span class='ocrx_word' id='word_1_101' title='bbox 1019 4593 1142 4660; x_wconf 89' lang='lat' dir='ltr'>orbem</span> 
     </span>
    </p>
   </div>
   <div class='ocr_carea' id='block_1_6' title="bbox 0 0 1972 5578">
    <p class='ocr_par' dir='ltr' id='par_1_7' title="bbox 0 0 1972 5578">
     <span class='ocr_line' id='line_1_17' title="bbox 0 0 1972 5578; baseline 0 3"><span class='ocrx_word' id='word_1_102' title='bbox 0 0 1972 5578; x_wconf 95' lang='lat' dir='ltr'> </span> 
     </span>
    </p>
   </div>
  </div>
 </body>
</html>
