3970 5580
810 586 960 632 runrrun
1414 589 1472 653 147

391 758 528 830 Ultima
550 781 755 849 progressae
775 777 971 828 castrorum
989 762 1138 829 claustra
1160 761 1378 851 relinquunt,

391 928 537 1018 lamque
556 950 676 996 morae
695 929 768 996 noti
790 947 972 1019 superatae
989 929 1151 1020 gurgitis,
1173 949 1206 998 et
1224 929 1292 999 iam

389 1096 532 1168 Secreto
549 1115 701 1184 tangunt
719 1097 885 1187 repetitos
898 1098 1037 1167 tramite
1057 1122 1190 1167 muros.

390 1265 460 1334 Hic
477 1267 620 1334 tandem
641 1289 763 1335 secura
784 1267 867 1334 tnali
888 1289 1008 1335 vocem
1027 1290 1111 1334 ausa
1133 1269 1248 1358 puella

385 1435 527 1503 Tollere
545 1459 552 1499 :
571 1461 592 1499 <‹
608 1437 646 1503 lo
663 1454 793 1517 custos,
813 1459 985 1526 propera:
1005 1437 1095 1504 citus
1111 1455 1232 1505 excute
1254 1456 1401 1506 vectem.

387 1605 519 1695 Magna
542 1604 627 1688 sero,
653 1605 828 1674 deiectum
849 1607 986 1674 hostem
1006 1609 1228 1696 patriamque
1246 1626 1432 1697 receptam.
1450 1635 1470 1674 ›>

386 1775 573 1841 Accedunt
589 1775 696 1842 densa
714 1774 834 1864 populi
853 1775 1004 1864 stipante
1021 1797 1150 1843 corona

388 1945 568 2028 Rectores,
587 1945 777 2032 taedasque
794 1963 933 2034 gerunt,
954 1945 1143 2034 valvasque
1161 1945 1327 2014 relaxant.

385 2112 626 2182 Circumstant
645 2113 773 2180 hilares
791 2113 971 2196 reducem,
992 2135 1164 2202 casusque
1182 2132 1338 2182 renarret

385 2280 557 2349 Protinus
574 2281 764 2348 exhaustos
782 2300 944 2370 poscunt,
967 2299 1163 2371 urgentque
1185 2283 1353 2369 rogando

388 2451 457 2518 Per
473 2450 611 2518 medios
629 2450 758 2518 mulier
774 2450 954 2517 tumulum
972 2450 1120 2518 eluctata
1138 2451 1299 2540 capessit,

386 2621 430 2688 Et
446 2619 737 2708 circumspiciens
757 2619 922 2687 turbam:
942 2645 962 2681 ‹<
979 2621 1135 2702 Laetare,
1156 2619 1327 2709 profatur,

385 2791 543 2865 Laetare,
566 2790 673 2857 lsrael
692 2814 701 2871 ς
722 2811 804 2856 nam
823 2806 854 2856 tc
874 2788 1060 2856 miseratus
1078 2789 1121 2857 ab
1142 2789 1212 2856 alto

386 2959 557 3050 Respexit
573 2960 716 3027 tandem
738 2960 847 3041 Deus,
866 2958 1069 3047 auxilioque
1091 2959 1243 3039 levavit3

383 3130 471 3216 Quo
492 3131 641 3196 ducente
659 3128 721 3197 feri
741 3129 852 3195 fidens
872 3127 1077 3196 Holofernis
1096 3127 1130 3196 in
1150 3145 1291 3196 autrum

384 3298 544 3381 pervasi,
563 3315 596 3365 et
614 3296 768 3365 nimium
787 3296 898 3364 facilis
915 3296 969 3364 cui
990 3299 1118 3386 praeda
1138 3297 1294 3379 videbar,

384 3469 572 3536 lncautum
590 3467 683 3534 furto
701 3467 882 3556 oppressi:
905 3489 967 3533 sua
986 3489 1114 3556 nempe
1132 3466 1305 3534 furentem

384 3637 546 3706 Prodidit
564 3637 670 3725 inque
692 3658 791 3703 meos
809 3635 878 3725 egit
894 3634 1035 3703 lascivia
1053 3658 1179 3702 casses.

384 3806 537 3874 Insidias
559 3806 634 3892 ipsa
652 3806 772 3896 effugi,
792 3828 854 3873 nec
872 3807 1000 3873 damna
1020 3805 1166 3894 pudoris

383 3978 465 4047 Ulla
485 3975 564 4058 tuli,
586 3975 761 4063 siquidem
780 3974 847 4041 sub
865 3991 914 4041 tot
934 3973 1140 4041 discrimina
1158 3974 1286 4042 missae

380 4145 600 4214 Coelicolum
623 4166 640 4211 e
662 4166 813 4210 numero
834 4162 950 4210 custos
969 4142 1055 4210 mihi
1076 4144 1167 4210 lidus
1185 4143 1357 4226 adhaesit,

383 4315 437 4382 Ne
455 4314 617 4400 fugerent
639 4313 734 4380 visus
752 4330 913 4402 stuprum
934 4333 1098 4402 perpessa
1115 4333 1292 4390 meorum,

383 4484 482 4550 Neve
503 4499 632 4550 asserta
651 4482 738 4549 mihi
761 4482 867 4549 fuerit
887 4481 1048 4550 Bethulia
1067 4480 1201 4548 rubori.

382 4652 583 4722 Verborum
601 4652 683 4720 satis
705 4671 776 4721 est:
797 4653 934 4720 hostem
954 4673 1047 4718 nunc
1067 4649 1198 4718 cernite
1217 4668 1420 4718 vestrum.»
