3970 5580
488 553 547 596 112

816 549 850 593 IN
877 547 1054 592 MULIERES
1079 545 1322 591 annueremus

587 723 715 790 Libera
733 743 845 811 quum
864 739 938 789 rata
958 721 1001 788 sit
1018 719 1131 788 cuivis
1148 719 1289 787 selectio
1307 717 1456 786 sormue.

588 889 758 981 Scorpius
775 907 932 958 extremo
949 889 1136 958 minitatur
1153 890 1317 956 acumine
1334 890 1492 968 caudae,

590 1060 714 1128 Lorica
731 1079 764 1127 et
781 1058 922 1150 gemina
939 1057 1086 1126 confidit
1102 1056 1235 1147 forcipe
1254 1080 1403 1140 cancer3

587 1234 633 1298 Αῑ
653 1227 777 1319 rigidis
795 1229 913 1295 horret
931 1227 1056 1294 vallata
1075 1227 1261 1294 hastilibus
1282 1225 1432 1316 hystrix,

591 1401 633 1466 Et
648 1399 842 1488 glomerata
857 1418 986 1463 canum
1006 1396 1113 1464 rictus
1132 1395 1243 1463 eludit
1256 1395 1394 1462 hiantes
1412 1421 1422 1476 ς

590 1564 773 1635 Praesidio
791 1584 842 1632 est
858 1583 953 1632 astus
972 1563 1082 1654 vulpi,
1102 1564 1182 1654 fuga
1203 1564 1338 1632 concita
1356 1565 1506 1646 damae3

588 1735 693 1801 Vasta
710 1734 854 1823 elephas
872 1755 907 1800 se
926 1732 1030 1801 infert
1043 1733 1136 1801 mole
1155 1751 1259 1822 atque
1278 1731 1486 1822 proboscide
1499 1749 1610 1800 tutus.

589 1901 690 1990 Quid
707 1902 816 1988 tigres
831 1923 1041 1984 memorem,
1061 1903 1146 1991 quid
1162 1901 1297 1969 semina
1312 1901 1388 1969 dira
1406 1901 1550 1969 leonum
1568 1902 1579 1967 i

589 2070 694 2159 Quos
712 2070 802 2138 inter
820 2093 889 2138 non
909 2088 1028 2138 mente
1046 2071 1165 2138 minus
1185 2092 1292 2159 quam
1313 2093 1460 2160 corpote
1482 2071 1582 2137 velox

588 2238 862 2330 Cercopithecus
879 2240 1000 2306 adest:
1021 2239 1104 2307 huic
1121 2239 1174 2306 eia
1192 2238 1376 2329 assurgite,
1395 2257 1548 2307 matres:

591 2410 780 2476 Humanae
798 2407 918 2497 stirpis
937 2408 1037 2475 vobis
1054 2430 1118 2498 ego
1135 2409 1235 2475 trado
1253 2425 1447 2497 parentem.

590 2577 729 2666 Nempe
748 2576 859 2659 aviae,
878 2575 906 2642 si
926 2576 1081 2659 nescitis,
1098 2599 1159 2666 per
1177 2576 1314 2644 saecula
1333 2593 1472 2644 nostrae

591 2745 760 2812 Erravere
779 2743 885 2834 iugis,
902 2743 1044 2814 illarum
1065 2764 1098 2813 et
1115 2767 1213 2813 more
1230 2745 1399 2826 ferarum,

589 2914 695 2982 Nunc
712 2915 814 3003 pede,
834 2936 929 2982 nunc
945 2916 1057 2982 cauda
1074 2915 1250 2983 librabant
1267 2937 1414 3005 corpora
1432 2915 1541 2983 ramis

589 3081 803 3172 Suspensae,
822 3083 998 3172 celerique
1017 3106 1124 3151 manu
1142 3083 1247 3151 obvia
1265 3107 1370 3174 poma
1389 3085 1561 3175 legebant.

589 3249 692 3338 Quas
708 3251 799 3319 circa
820 3253 980 3321 maribus
998 3275 1134 3343 pugnas
1152 3276 1293 3322 surrexe
1310 3271 1475 3322 cruentas

589 3419 827 3502 Crediderim,
849 3438 881 3488 et
900 3421 1020 3489 victori
1040 3422 1116 3488 ilias
1135 3423 1288 3490 haesisse
1310 3424 1481 3506 volentes,

593 3589 714 3677 Usque
733 3611 853 3657 recens
871 3591 982 3657 donec
1001 3589 1156 3680 priscum
1175 3593 1336 3660 trudebat
1353 3613 1535 3676 amorem3

592 3757 758 3846 Namque
776 3759 981 3848 vagabatur,
1004 3782 1066 3827 nec
1084 3760 1205 3828 sistere
1228 3779 1372 3829 noverat
1390 3784 1539 3851 usquam

592 3926 682 4014 Lege
701 3927 838 3994 solutus
856 3949 969 4010 amor,
989 3949 1051 3994 nec
1070 3928 1149 4018 plus
1167 3929 1219 3997 vir
1237 3929 1324 3998 iuris
1343 3929 1495 3999 habebat

589 4092 712 4182 Quam
739 4093 880 4176 mulier,
901 4096 1130 4185 nequeenim
1148 4097 1224 4165 iura
1244 4099 1447 4188 importuna
1474 4100 1652 4190 vigebant.

589 4261 766 4351 Quaeque
785 4263 873 4330 adeo
894 4283 1004 4332 mater
1025 4287 1096 4333 non
1117 4285 1211 4335 certo
1230 4286 1326 4357 patre
1346 4287 1500 4337 creatam

591 4429 727 4497 Edebat
745 4431 917 4516 sobolem,
939 4434 1125 4524 depulsam
1143 4436 1187 4503 ab
1206 4436 1291 4506 lacte
1309 4460 1372 4505 nec
1392 4439 1483 4507 ultra

592 4597 816 4687 Respiciebat
832 4622 956 4668 amans
974 4602 1042 4670 iam
1065 4627 1139 4671 sese
1157 4605 1265 4673 oblita
1286 4626 1481 4696 parentem.
