3928 5580
725 559 819 603 MONS
840 556 978 601 PlNClUS

270 734 376 803 Ridet
394 735 435 800 ad
454 734 538 800 baec
557 753 691 814 secum,
712 753 774 798 nec
792 753 828 798 se
846 730 958 798 ridere
976 729 1104 797 fatetur

268 903 468 970 Verborum
488 924 628 990 parcus,
648 899 759 990 rigida
776 920 946 989 compage
967 897 1171 979 Britannus,

269 1071 392 1160 Quem
411 1070 540 1138 similis
558 1091 628 1137 non
648 1068 830 1138 Ausoniae
849 1067 915 1135 sub
933 1067 1005 1134 sole
1023 1087 1149 1136 sereno

271 1242 379 1309 Error
396 1239 467 1330 agit
488 1239 655 1307 Tamesis
672 1237 820 1305 nebulas
838 1237 980 1304 laudare
999 1253 1152 1317 tenaceS,

271 1409 470 1477 Londinive
489 1409 588 1498 nigra
607 1408 774 1496 squalens
792 1405 940 1496 fuligine
957 1406 1107 1472 coelum.

271 1578 341 1649 Sed
360 1578 485 1666 quavis
502 1597 613 1644 ortam
634 1577 759 1644 referat
777 1597 812 1642 se
830 1574 963 1643 femina
981 1594 1097 1666 gente,

271 1750 356 1814 Pars
378 1746 495 1815 minor
514 1746 589 1834 ipsa
611 1745 679 1825 sui,
698 1745 795 1834 cupit
813 1761 988 1812 ostentare
1006 1761 1161 1832 paratus,

272 1915 440 1983 inventas
462 1915 567 1982 modo
587 1913 793 1997 munditias,
813 1913 1003 2002 spatiosius
1019 1934 1134 2001 aequo

272 2085 479 2151 Extructum
498 2099 604 2172 caput
621 2101 726 2171 atque
746 2074 964 2150 immensum
986 2081 1138 2172 cycladis
1154 2079 1289 2149 orbern.

317 2250 381 2322 Sin
400 2269 517 2320 autern
537 2250 662 2319 viridis
679 2250 872 2341 labyrinthi
891 2250 1104 2341 ambagibus
1123 2267 1206 2340 opto

274 2418 452 2488 Extricare
471 2422 613 2509 pedem,
633 2421 848 2508 speculaque
865 2441 983 2486 meare
1001 2419 1147 2508 patenti,

273 2590 371 2656 Tum
389 2588 524 2656 maiora
543 2589 630 2656 mihi
652 2589 808 2656 mulcent
825 2588 1022 2676 spectacula
1040 2588 1147 2655 visus.

275 2757 475 2847 Relligione
495 2776 620 2845 potens
637 2757 736 2824 orbis
757 2775 875 2846 caput,
894 2757 1023 2847 inclyta
1043 2759 1158 2825 Roma

278 2926 453 2994 Panditur
470 2944 549 2994 ante
567 2927 689 2994 oculos
707 2952 714 2993 :
734 2926 928 2994 celebratae
948 2927 1085 2994 vatibus
1102 2949 1198 2994 arces

276 3095 585 3184 Templorumque
604 3095 691 3162 tholi
710 3096 920 3184 dudumque
936 3097 1074 3164 ruentia
1093 3095 1227 3186 priscae

276 3267 393 3352 Atque
410 3284 523 3330 novae
543 3280 714 3352 apparent
733 3281 964 3331 monumenta
982 3265 1151 3353 perennia
1170 3265 1296 3334 laudis.

279 3431 470 3502 Sacrorum
488 3454 509 3498 0
529 3454 638 3520 quam
657 3449 702 3514 te,
724 3432 824 3499 sedes
842 3451 1004 3522 augusta,
1022 3434 1134 3501 tuenti

278 3601 395 3669 Curae
412 3599 494 3668 odio
512 3619 594 3667 sunt
614 3601 789 3690 vulgares,
808 3618 912 3689 atque
930 3601 1035 3669 altius
1052 3602 1122 3670 exit

280 3767 450 3858 Spiritus,
471 3768 610 3836 insueto
631 3769 753 3857 flagrat
770 3770 856 3836 dum
876 3788 997 3858 pectus
1014 3775 1159 3839 amore!

281 3935 429 4026 Quippe
447 3954 546 4004 tuum
567 3937 693 4026 pavida
708 3955 896 4027 postquam
915 3937 1105 4007 formidine
1125 3961 1255 4008 nomen

283 4104 450 4194 implevit
468 4105 633 4194 populos,
652 4127 822 4174 converso
841 4106 990 4174 numine
1009 4129 1131 4196 pacem

283 4273 532 4363 Iustitiamque
550 4292 663 4357 sonat,
682 4275 800 4365 magni
820 4298 963 4365 quoque
982 4277 1098 4344 vivida
1117 4279 1291 4369 quidquid

285 4443 389 4511 Mens
405 4443 498 4532 capit
518 4462 551 4511 et
568 4444 678 4512 solers
699 4445 810 4511 multa
829 4467 957 4514 manus
975 4446 1080 4537 exigit
1096 4465 1181 4516 arte.

283 4617 376 4681 Ante
394 4636 477 4703 ergo
493 4613 693 4702 exspatians
710 4613 811 4680 feriet
827 4632 884 4681 tua
906 4614 1045 4682 moenia
1063 4635 1205 4704 pontus,
