<?xml version="1.0" encoding="UTF-8"?>
<!DOCTYPE html PUBLIC "-//W3C//DTD XHTML 1.0 Transitional//EN"
    "http://www.w3.org/TR/xhtml1/DTD/xhtml1-transitional.dtd">
<html xmlns="http://www.w3.org/1999/xhtml" xml:lang="en" lang="en">
 <head>
  <title>
</title>
<meta http-equiv="Content-Type" content="text/html;charset=utf-8" />
  <meta name='ocr-system' content='tesseract 3.04.00' />
  <meta name='ocr-capabilities' content='ocr_page ocr_carea ocr_par ocr_line ocrx_word'/>
</head>
<body>
  <div class='ocr_page' id='page_1' title='image "./petriesseivacar00essegoog_0258.png"; bbox 0 0 3972 5654; ppageno 0'>
   <div class='ocr_carea' id='block_1_1' title="bbox 514 543 1402 616">
    <p class='ocr_par' dir='ltr' id='par_1_1' title="bbox 514 543 1402 616">
     <span class='ocr_line' id='line_1_1' title="bbox 514 543 1402 616; baseline -0.007 -8"><span class='ocrx_word' id='word_1_1' title='bbox 514 543 578 609; x_wconf 81' lang='lat'>238</span> <span class='ocrx_word' id='word_1_2' title='bbox 795 561 950 607; x_wconf 80' lang='lat' dir='ltr'>viaotms</span> <span class='ocrx_word' id='word_1_3' title='bbox 975 559 1193 605; x_wconf 67' lang='lat' dir='ltr'>matamorus</span> <span class='ocrx_word' id='word_1_4' title='bbox 1217 559 1402 616; x_wconf 76' lang='lat' dir='ltr'>Quaaacaa</span> 
     </span>
    </p>
   </div>
   <div class='ocr_carea' id='block_1_2' title="bbox 604 732 1457 814">
    <p class='ocr_par' dir='ltr' id='par_1_2' title="bbox 604 732 1457 814">
     <span class='ocr_line' id='line_1_2' title="bbox 604 732 1457 814; baseline -0.004 -12"><span class='ocrx_word' id='word_1_5' title='bbox 604 736 663 802; x_wconf 89' lang='lat' dir='ltr'>Me</span> <span class='ocrx_word' id='word_1_6' title='bbox 685 734 768 803; x_wconf 82' lang='lat' dir='ltr'>satis</span> <span class='ocrx_word' id='word_1_7' title='bbox 785 751 836 802; x_wconf 90' lang='lat' dir='ltr'>est</span> <span class='ocrx_word' id='word_1_8' title='bbox 854 735 970 801; x_wconf 86' lang='lat' dir='ltr'>tardas</span> <span class='ocrx_word' id='word_1_9' title='bbox 987 734 1184 801; x_wconf 86' lang='lat' dir='ltr'>moerendo</span> <span class='ocrx_word' id='word_1_10' title='bbox 1204 733 1331 800; x_wconf 83' lang='lat' dir='ltr'>ducere</span> <span class='ocrx_word' id='word_1_11' title='bbox 1350 732 1457 814; x_wconf 70' lang='lat' dir='ltr'>luces,</span> 
     </span>
    </p>
   </div>
   <div class='ocr_carea' id='block_1_3' title="bbox 607 901 1628 4538">
    <p class='ocr_par' dir='ltr' id='par_1_3' title="bbox 607 901 1628 4538">
     <span class='ocr_line' id='line_1_3' title="bbox 649 901 1434 993; baseline -0.005 -21"><span class='ocrx_word' id='word_1_12' title='bbox 649 904 817 993; x_wconf 88' lang='lat' dir='ltr'>Quarum</span> <span class='ocrx_word' id='word_1_13' title='bbox 835 903 1059 972; x_wconf 85' lang='lat' dir='ltr'>commodior</span> <span class='ocrx_word' id='word_1_14' title='bbox 1078 903 1174 969; x_wconf 87' lang='lat' dir='ltr'>nulla</span> <span class='ocrx_word' id='word_1_15' title='bbox 1192 901 1308 990; x_wconf 80' lang='lat' dir='ltr'>priore</span> <span class='ocrx_word' id='word_1_16' title='bbox 1328 902 1434 970; x_wconf 89' lang='lat' dir='ltr'>venit.</span> 
     </span>
     <span class='ocr_line' id='line_1_4' title="bbox 607 1071 1554 1161; baseline -0.004 -21"><span class='ocrx_word' id='word_1_17' title='bbox 607 1074 686 1140; x_wconf 87' lang='lat' dir='ltr'>Nox</span> <span class='ocrx_word' id='word_1_18' title='bbox 704 1073 825 1140; x_wconf 86' lang='lat' dir='ltr'>saltem</span> <span class='ocrx_word' id='word_1_19' title='bbox 845 1091 919 1140; x_wconf 90' lang='lat' dir='ltr'>acta</span> <span class='ocrx_word' id='word_1_20' title='bbox 938 1072 1020 1161; x_wconf 89' lang='lat' dir='ltr'>poio</span> <span class='ocrx_word' id='word_1_21' title='bbox 1034 1072 1128 1140; x_wconf 87' lang='lat' dir='ltr'>luctu</span> <span class='ocrx_word' id='word_1_22' title='bbox 1148 1093 1205 1138; x_wconf 91' lang='lat' dir='ltr'>me</span> <span class='ocrx_word' id='word_1_23' title='bbox 1223 1071 1383 1137; x_wconf 87' lang='lat' dir='ltr'>sublevet</span> <span class='ocrx_word' id='word_1_24' title='bbox 1396 1091 1554 1156; x_wconf 82' lang='lat' dir='ltr'>aegram,</span> 
     </span>
     <span class='ocr_line' id='line_1_5' title="bbox 650 1239 1575 1330; baseline -0.005 -21"><span class='ocrx_word' id='word_1_25' title='bbox 650 1240 844 1330; x_wconf 88' lang='lat' dir='ltr'>Quamque</span> <span class='ocrx_word' id='word_1_26' title='bbox 863 1241 949 1308; x_wconf 89' lang='lat' dir='ltr'>solet</span> <span class='ocrx_word' id='word_1_27' title='bbox 969 1240 1116 1329; x_wconf 84' lang='lat' dir='ltr'>reliquis</span> <span class='ocrx_word' id='word_1_28' title='bbox 1132 1258 1165 1307; x_wconf 85' lang='lat' dir='ltr'>ct</span> <span class='ocrx_word' id='word_1_29' title='bbox 1182 1239 1269 1306; x_wconf 87' lang='lat' dir='ltr'>mihi</span> <span class='ocrx_word' id='word_1_30' title='bbox 1290 1255 1442 1327; x_wconf 84' lang='lat' dir='ltr'>praestet</span> <span class='ocrx_word' id='word_1_31' title='bbox 1458 1261 1575 1328; x_wconf 90' lang='lat' dir='ltr'>opem.</span> 
     </span>
     <span class='ocr_line' id='line_1_6' title="bbox 607 1408 1453 1498; baseline -0.005 -20"><span class='ocrx_word' id='word_1_32' title='bbox 607 1411 670 1479; x_wconf 85' lang='lat' dir='ltr'>Ilia</span> <span class='ocrx_word' id='word_1_33' title='bbox 688 1411 747 1478; x_wconf 84' lang='lat' dir='ltr'>sed</span> <span class='ocrx_word' id='word_1_34' title='bbox 767 1410 802 1477; x_wconf 86' lang='lat' dir='ltr'>in</span> <span class='ocrx_word' id='word_1_35' title='bbox 822 1429 961 1477; x_wconf 88' lang='lat' dir='ltr'>nostros</span> <span class='ocrx_word' id='word_1_36' title='bbox 981 1409 1141 1476; x_wconf 84' lang='lat' dir='ltr'>coniurat</span> <span class='ocrx_word' id='word_1_37' title='bbox 1160 1408 1282 1498; x_wconf 88' lang='lat' dir='ltr'>iniqua</span> <span class='ocrx_word' id='word_1_38' title='bbox 1301 1409 1453 1484; x_wconf 70' lang='lat' dir='ltr'>dolorm,</span> 
     </span>
     <span class='ocr_line' id='line_1_7' title="bbox 652 1579 1397 1668; baseline -0.005 -22"><span class='ocrx_word' id='word_1_39' title='bbox 652 1581 747 1646; x_wconf 87' lang='lat' dir='ltr'>Dum</span> <span class='ocrx_word' id='word_1_40' title='bbox 769 1596 884 1668; x_wconf 84' lang='lat' dir='ltr'>portat</span> <span class='ocrx_word' id='word_1_41' title='bbox 902 1601 1020 1646; x_wconf 86' lang='lat' dir='ltr'>secum</span> <span class='ocrx_word' id='word_1_42' title='bbox 1039 1580 1179 1645; x_wconf 78' lang='lat' dir='ltr'>somnia</span> <span class='ocrx_word' id='word_1_43' title='bbox 1200 1601 1294 1644; x_wconf 83' lang='lat' dir='ltr'>cassa</span> <span class='ocrx_word' id='word_1_44' title='bbox 1316 1579 1397 1646; x_wconf 88' lang='lat' dir='ltr'>fide.</span> 
     </span>
     <span class='ocr_line' id='line_1_8' title="bbox 611 1745 1615 1836; baseline -0.004 -20"><span class='ocrx_word' id='word_1_45' title='bbox 611 1749 738 1836; x_wconf 84' lang='lat' dir='ltr'>Nuper</span> <span class='ocrx_word' id='word_1_46' title='bbox 755 1748 864 1829; x_wconf 71' lang='lat' dir='ltr'>enim,</span> <span class='ocrx_word' id='word_1_47' title='bbox 885 1749 1051 1814; x_wconf 83' lang='lat' dir='ltr'>dederam</span> <span class='ocrx_word' id='word_1_48' title='bbox 1074 1770 1151 1815; x_wconf 84' lang='lat' dir='ltr'>sero</span> <span class='ocrx_word' id='word_1_49' title='bbox 1171 1769 1285 1835; x_wconf 88' lang='lat' dir='ltr'>quum</span> <span class='ocrx_word' id='word_1_50' title='bbox 1303 1746 1463 1814; x_wconf 88' lang='lat' dir='ltr'>membra</span> <span class='ocrx_word' id='word_1_51' title='bbox 1483 1745 1615 1835; x_wconf 77' lang='lat' dir='ltr'>sopori,</span> 
     </span>
     <span class='ocr_line' id='line_1_9' title="bbox 651 1915 1319 1984; baseline -0.003 0"><span class='ocrx_word' id='word_1_52' title='bbox 651 1916 858 1984; x_wconf 84' lang='lat' dir='ltr'>Turbarunt</span> <span class='ocrx_word' id='word_1_53' title='bbox 875 1939 1000 1983; x_wconf 85' lang='lat' dir='ltr'>sensus</span> <span class='ocrx_word' id='word_1_54' title='bbox 1018 1917 1100 1982; x_wconf 88' lang='lat' dir='ltr'>talia</span> <span class='ocrx_word' id='word_1_55' title='bbox 1118 1915 1192 1982; x_wconf 89' lang='lat' dir='ltr'>visa</span> <span class='ocrx_word' id='word_1_56' title='bbox 1211 1938 1319 1983; x_wconf 88' lang='lat' dir='ltr'>meos.</span> 
     </span>
     <span class='ocr_line' id='line_1_10' title="bbox 608 2083 1467 2172; baseline -0.003 -19"><span class='ocrx_word' id='word_1_57' title='bbox 608 2084 725 2153; x_wconf 89' lang='lat' dir='ltr'>Dotali</span> <span class='ocrx_word' id='word_1_58' title='bbox 746 2084 779 2150; x_wconf 90' lang='lat' dir='ltr'>in</span> <span class='ocrx_word' id='word_1_59' title='bbox 799 2083 910 2152; x_wconf 86' lang='lat' dir='ltr'>fundo</span> <span class='ocrx_word' id='word_1_60' title='bbox 929 2083 1132 2172; x_wconf 85' lang='lat' dir='ltr'>nitidaeque</span> <span class='ocrx_word' id='word_1_61' title='bbox 1150 2103 1229 2151; x_wconf 86' lang='lat' dir='ltr'>ante</span> <span class='ocrx_word' id='word_1_62' title='bbox 1245 2084 1333 2150; x_wconf 84' lang='lat' dir='ltr'>ostia</span> <span class='ocrx_word' id='word_1_63' title='bbox 1353 2084 1467 2158; x_wconf 68' lang='lat' dir='ltr'>villae„</span> 
     </span>
     <span class='ocr_line' id='line_1_11' title="bbox 656 2253 1459 2344; baseline -0.001 -23"><span class='ocrx_word' id='word_1_64' title='bbox 656 2254 758 2322; x_wconf 86' lang='lat' dir='ltr'>Flore</span> <span class='ocrx_word' id='word_1_65' title='bbox 778 2277 870 2320; x_wconf 88' lang='lat' dir='ltr'>novo</span> <span class='ocrx_word' id='word_1_66' title='bbox 891 2253 1024 2344; x_wconf 87' lang='lat' dir='ltr'>passim</span> <span class='ocrx_word' id='word_1_67' title='bbox 1045 2253 1203 2320; x_wconf 85' lang='lat' dir='ltr'>consitus</span> <span class='ocrx_word' id='word_1_68' title='bbox 1222 2255 1344 2320; x_wconf 83' lang='lat' dir='ltr'>hortus</span> <span class='ocrx_word' id='word_1_69' title='bbox 1361 2270 1459 2336; x_wconf 80' lang='lat' dir='ltr'>etat3</span> 
     </span>
     <span class='ocr_line' id='line_1_12' title="bbox 608 2420 1619 2511; baseline -0.003 -20"><span class='ocrx_word' id='word_1_70' title='bbox 608 2421 877 2511; x_wconf 86' lang='lat' dir='ltr'>Gramineoqoe</span> <span class='ocrx_word' id='word_1_71' title='bbox 896 2421 943 2489; x_wconf 94' lang='lat' dir='ltr'>ibi</span> <span class='ocrx_word' id='word_1_72' title='bbox 963 2420 1049 2489; x_wconf 86' lang='lat' dir='ltr'>fulta</span> <span class='ocrx_word' id='word_1_73' title='bbox 1067 2439 1157 2504; x_wconf 74' lang='lat' dir='ltr'>tom,</span> <span class='ocrx_word' id='word_1_74' title='bbox 1179 2422 1301 2510; x_wconf 84' lang='lat' dir='ltr'>procui</span> <span class='ocrx_word' id='word_1_75' title='bbox 1322 2421 1402 2490; x_wconf 89' lang='lat' dir='ltr'>inde</span> <span class='ocrx_word' id='word_1_76' title='bbox 1421 2439 1619 2489; x_wconf 74' lang='lat' dir='ltr'>morantem</span> 
     </span>
     <span class='ocr_line' id='line_1_13' title="bbox 655 2591 1372 2679; baseline -0.001 -20"><span class='ocrx_word' id='word_1_77' title='bbox 655 2591 824 2659; x_wconf 81' lang='lat' dir='ltr'>Accibam</span> <span class='ocrx_word' id='word_1_78' title='bbox 844 2591 947 2674; x_wconf 77' lang='lat' dir='ltr'>votis,</span> <span class='ocrx_word' id='word_1_79' title='bbox 966 2591 1069 2658; x_wconf 86' lang='lat' dir='ltr'>anxia</span> <span class='ocrx_word' id='word_1_80' title='bbox 1088 2608 1210 2679; x_wconf 77' lang='lat' dir='ltr'>nupta,</span> <span class='ocrx_word' id='word_1_81' title='bbox 1231 2591 1372 2670; x_wconf 73' lang='lat' dir='ltr'>vitum3</span> 
     </span>
     <span class='ocr_line' id='line_1_14' title="bbox 612 2759 1489 2849; baseline 0 -22"><span class='ocrx_word' id='word_1_82' title='bbox 612 2759 812 2828; x_wconf 83' lang='lat' dir='ltr'>Fatidicum</span> <span class='ocrx_word' id='word_1_83' title='bbox 831 2761 873 2827; x_wconf 90' lang='lat' dir='ltr'>de</span> <span class='ocrx_word' id='word_1_84' title='bbox 892 2783 962 2849; x_wconf 88' lang='lat' dir='ltr'>quo</span> <span class='ocrx_word' id='word_1_85' title='bbox 981 2760 1171 2849; x_wconf 88' lang='lat' dir='ltr'>poscebam</span> <span class='ocrx_word' id='word_1_86' title='bbox 1190 2760 1330 2828; x_wconf 72' lang='lat' dir='ltr'>oracula</span> <span class='ocrx_word' id='word_1_87' title='bbox 1350 2759 1489 2842; x_wconf 70' lang='lat' dir='ltr'>florem,</span> 
     </span>
     <span class='ocr_line' id='line_1_15' title="bbox 655 2927 1433 3020; baseline -0.001 -23"><span class='ocrx_word' id='word_1_88' title='bbox 655 2932 712 2997; x_wconf 88' lang='lat' dir='ltr'>An</span> <span class='ocrx_word' id='word_1_89' title='bbox 731 2927 798 2996; x_wconf 83' lang='lat' dir='ltr'>sibi</span> <span class='ocrx_word' id='word_1_90' title='bbox 817 2951 899 2997; x_wconf 83' lang='lat' dir='ltr'>cura</span> <span class='ocrx_word' id='word_1_91' title='bbox 921 2929 990 2996; x_wconf 89' lang='lat' dir='ltr'>mei</span> <span class='ocrx_word' id='word_1_92' title='bbox 1011 2951 1136 3020; x_wconf 85' lang='lat' dir='ltr'>magna</span> <span class='ocrx_word' id='word_1_93' title='bbox 1155 2929 1317 2997; x_wconf 83' lang='lat' dir='ltr'>minorve</span> <span class='ocrx_word' id='word_1_94' title='bbox 1334 2929 1433 2997; x_wconf 85' lang='lat' dir='ltr'>foret.</span> 
     </span>
     <span class='ocr_line' id='line_1_16' title="bbox 612 3097 1580 3188; baseline 0.001 -23"><span class='ocrx_word' id='word_1_95' title='bbox 612 3098 754 3165; x_wconf 90' lang='lat' dir='ltr'>Restitit</span> <span class='ocrx_word' id='word_1_96' title='bbox 772 3116 809 3166; x_wconf 88' lang='lat' dir='ltr'>ut</span> <span class='ocrx_word' id='word_1_97' title='bbox 825 3097 999 3180; x_wconf 69' lang='lat' dir='ltr'>medium,</span> <span class='ocrx_word' id='word_1_98' title='bbox 1018 3098 1111 3166; x_wconf 85' lang='lat' dir='ltr'>foliis</span> <span class='ocrx_word' id='word_1_99' title='bbox 1128 3099 1258 3166; x_wconf 83' lang='lat' dir='ltr'>circum</span> <span class='ocrx_word' id='word_1_100' title='bbox 1280 3099 1440 3188; x_wconf 88' lang='lat' dir='ltr'>undique</span> <span class='ocrx_word' id='word_1_101' title='bbox 1459 3099 1580 3180; x_wconf 74' lang='lat' dir='ltr'>vulsis,</span> 
     </span>
     <span class='ocr_line' id='line_1_17' title="bbox 658 3265 1448 3356; baseline -0.003 -20"><span class='ocrx_word' id='word_1_102' title='bbox 658 3265 792 3336; x_wconf 89' lang='lat' dir='ltr'>Omina</span> <span class='ocrx_word' id='word_1_103' title='bbox 812 3288 903 3355; x_wconf 86' lang='lat' dir='ltr'>quae</span> <span class='ocrx_word' id='word_1_104' title='bbox 921 3267 1015 3334; x_wconf 86' lang='lat' dir='ltr'>volui</span> <span class='ocrx_word' id='word_1_105' title='bbox 1036 3285 1159 3356; x_wconf 81' lang='lat' dir='ltr'>sponte</span> <span class='ocrx_word' id='word_1_106' title='bbox 1179 3268 1232 3334; x_wconf 91' lang='lat' dir='ltr'>vel</span> <span class='ocrx_word' id='word_1_107' title='bbox 1250 3287 1322 3335; x_wconf 86' lang='lat' dir='ltr'>arte</span> <span class='ocrx_word' id='word_1_108' title='bbox 1340 3268 1448 3336; x_wconf 87' lang='lat' dir='ltr'>dedit.</span> 
     </span>
     <span class='ocr_line' id='line_1_18' title="bbox 611 3435 1491 3527; baseline -0.002 -22"><span class='ocrx_word' id='word_1_109' title='bbox 611 3441 705 3505; x_wconf 80' lang='lat' dir='ltr'>Ante</span> <span class='ocrx_word' id='word_1_110' title='bbox 723 3436 831 3525; x_wconf 85' lang='lat' dir='ltr'>pedes</span> <span class='ocrx_word' id='word_1_111' title='bbox 848 3435 920 3503; x_wconf 88' lang='lat' dir='ltr'>duo</span> <span class='ocrx_word' id='word_1_112' title='bbox 938 3436 1119 3518; x_wconf 68' lang='lat' dir='ltr'>ludebant,</span> <span class='ocrx_word' id='word_1_113' title='bbox 1142 3459 1220 3504; x_wconf 89' lang='lat' dir='ltr'>mea</span> <span class='ocrx_word' id='word_1_114' title='bbox 1241 3437 1384 3527; x_wconf 78' lang='lat' dir='ltr'>gaudia,</span> <span class='ocrx_word' id='word_1_115' title='bbox 1405 3437 1491 3518; x_wconf 80' lang='lat' dir='ltr'>nati,</span> 
     </span>
     <span class='ocr_line' id='line_1_19' title="bbox 661 3602 1458 3693; baseline 0.001 -23"><span class='ocrx_word' id='word_1_116' title='bbox 661 3604 736 3670; x_wconf 91' lang='lat' dir='ltr'>Nec</span> <span class='ocrx_word' id='word_1_117' title='bbox 753 3602 841 3670; x_wconf 87' lang='lat' dir='ltr'>bene</span> <span class='ocrx_word' id='word_1_118' title='bbox 859 3602 1042 3670; x_wconf 82' lang='lat' dir='ltr'>constabat</span> <span class='ocrx_word' id='word_1_119' title='bbox 1063 3602 1243 3693; x_wconf 85' lang='lat' dir='ltr'>pulchrior</span> <span class='ocrx_word' id='word_1_120' title='bbox 1262 3621 1352 3672; x_wconf 89' lang='lat' dir='ltr'>esset</span> <span class='ocrx_word' id='word_1_121' title='bbox 1369 3621 1458 3672; x_wconf 85' lang='lat' dir='ltr'>uter.</span> 
     </span>
     <span class='ocr_line' id='line_1_20' title="bbox 616 3773 1477 3864; baseline -0.002 -22"><span class='ocrx_word' id='word_1_122' title='bbox 616 3774 663 3842; x_wconf 94' lang='lat' dir='ltr'>Ut</span> <span class='ocrx_word' id='word_1_123' title='bbox 681 3796 743 3840; x_wconf 88' lang='lat' dir='ltr'>sua</span> <span class='ocrx_word' id='word_1_124' title='bbox 761 3773 956 3839; x_wconf 88' lang='lat' dir='ltr'>consimilis</span> <span class='ocrx_word' id='word_1_125' title='bbox 974 3773 1145 3862; x_wconf 83' lang='lat' dir='ltr'>prodebat</span> <span class='ocrx_word' id='word_1_126' title='bbox 1165 3773 1277 3841; x_wconf 83' lang='lat' dir='ltr'>forma</span> <span class='ocrx_word' id='word_1_127' title='bbox 1296 3774 1477 3864; x_wconf 78' lang='lat' dir='ltr'>gemellos,</span> 
     </span>
     <span class='ocr_line' id='line_1_21' title="bbox 659 3941 1369 4012; baseline -0.003 0"><span class='ocrx_word' id='word_1_128' title='bbox 659 3942 718 4012; x_wconf 85' lang='lat' dir='ltr'>Sic</span> <span class='ocrx_word' id='word_1_129' title='bbox 735 3941 864 4010; x_wconf 85' lang='lat' dir='ltr'>fateare</span> <span class='ocrx_word' id='word_1_130' title='bbox 887 3941 956 4008; x_wconf 85' lang='lat' dir='ltr'>iliis</span> <span class='ocrx_word' id='word_1_131' title='bbox 978 3942 1086 4010; x_wconf 86' lang='lat' dir='ltr'>instar</span> <span class='ocrx_word' id='word_1_132' title='bbox 1104 3943 1218 4010; x_wconf 86' lang='lat' dir='ltr'>inesse</span> <span class='ocrx_word' id='word_1_133' title='bbox 1238 3966 1369 4010; x_wconf 86' lang='lat' dir='ltr'>meum.</span> 
     </span>
     <span class='ocr_line' id='line_1_22' title="bbox 618 4110 1628 4200; baseline 0 -24"><span class='ocrx_word' id='word_1_134' title='bbox 618 4111 677 4177; x_wconf 86' lang='lat' dir='ltr'>Me</span> <span class='ocrx_word' id='word_1_135' title='bbox 695 4132 836 4200; x_wconf 88' lang='lat' dir='ltr'>quoque</span> <span class='ocrx_word' id='word_1_136' title='bbox 853 4110 1041 4200; x_wconf 87' lang='lat' dir='ltr'>captabant</span> <span class='ocrx_word' id='word_1_137' title='bbox 1058 4111 1179 4179; x_wconf 85' lang='lat' dir='ltr'>blandi</span> <span class='ocrx_word' id='word_1_138' title='bbox 1199 4130 1418 4200; x_wconf 83' lang='lat' dir='ltr'>matremque</span> <span class='ocrx_word' id='word_1_139' title='bbox 1436 4111 1628 4179; x_wconf 87' lang='lat' dir='ltr'>vocabant:</span> 
     </span>
     <span class='ocr_line' id='line_1_23' title="bbox 658 4279 1550 4368; baseline 0 -22"><span class='ocrx_word' id='word_1_140' title='bbox 658 4279 784 4367; x_wconf 87' lang='lat' dir='ltr'>Quam</span> <span class='ocrx_word' id='word_1_141' title='bbox 802 4279 904 4347; x_wconf 90' lang='lat' dir='ltr'>dulce</span> <span class='ocrx_word' id='word_1_142' title='bbox 922 4280 988 4346; x_wconf 88' lang='lat' dir='ltr'>hoc</span> <span class='ocrx_word' id='word_1_143' title='bbox 1006 4302 1159 4368; x_wconf 82' lang='lat' dir='ltr'>puerum</span> <span class='ocrx_word' id='word_1_144' title='bbox 1179 4302 1308 4347; x_wconf 87' lang='lat' dir='ltr'>nomen</span> <span class='ocrx_word' id='word_1_145' title='bbox 1328 4279 1362 4346; x_wconf 89' lang='lat' dir='ltr'>in</span> <span class='ocrx_word' id='word_1_146' title='bbox 1382 4302 1441 4347; x_wconf 84' lang='lat' dir='ltr'>ote</span> <span class='ocrx_word' id='word_1_147' title='bbox 1462 4279 1550 4347; x_wconf 84' lang='lat' dir='ltr'>fuit!</span> 
     </span>
     <span class='ocr_line' id='line_1_24' title="bbox 620 4449 1404 4538; baseline 0.003 -24"><span class='ocrx_word' id='word_1_148' title='bbox 620 4449 757 4516; x_wconf 87' lang='lat' dir='ltr'>interea</span> <span class='ocrx_word' id='word_1_149' title='bbox 779 4466 939 4538; x_wconf 84' lang='lat' dir='ltr'>repetens</span> <span class='ocrx_word' id='word_1_150' title='bbox 956 4449 1130 4517; x_wconf 84' lang='lat' dir='ltr'>consortia</span> <span class='ocrx_word' id='word_1_151' title='bbox 1149 4468 1235 4518; x_wconf 89' lang='lat' dir='ltr'>tecta</span> <span class='ocrx_word' id='word_1_152' title='bbox 1256 4449 1404 4517; x_wconf 87' lang='lat' dir='ltr'>maritus</span> 
     </span>
    </p>
   </div>
   <div class='ocr_carea' id='block_1_4' title="bbox 663 4618 1353 4709">
    <p class='ocr_par' dir='ltr' id='par_1_4' title="bbox 663 4618 1353 4709">
     <span class='ocr_line' id='line_1_25' title="bbox 663 4618 1353 4709; baseline 0 -23"><span class='ocrx_word' id='word_1_153' title='bbox 663 4618 807 4687; x_wconf 85' lang='lat' dir='ltr'>Festino</span> <span class='ocrx_word' id='word_1_154' title='bbox 825 4619 941 4705; x_wconf 76' lang='lat' dir='ltr'>tetigit</span> <span class='ocrx_word' id='word_1_155' title='bbox 960 4619 1081 4687; x_wconf 85' lang='lat' dir='ltr'>limina</span> <span class='ocrx_word' id='word_1_156' title='bbox 1098 4619 1212 4708; x_wconf 87' lang='lat' dir='ltr'>prima</span> <span class='ocrx_word' id='word_1_157' title='bbox 1230 4620 1353 4709; x_wconf 85' lang='lat' dir='ltr'>gradu.</span> 
     </span>
    </p>
   </div>
   <div class='ocr_carea' id='block_1_5' title="bbox 0 0 1994 5654">
    <p class='ocr_par' dir='ltr' id='par_1_5' title="bbox 0 0 1994 5654">
     <span class='ocr_line' id='line_1_26' title="bbox 0 0 1994 5654; baseline 0 0"><span class='ocrx_word' id='word_1_158' title='bbox 0 0 1994 5654; x_wconf 95' lang='lat' dir='ltr'> </span> 
     </span>
    </p>
   </div>
  </div>
 </body>
</html>
