3972 5654
698 596 854 642 SUMMUM
881 598 1094 642 PONTlFlCEM

355 767 509 857 Insuper
525 769 697 859 exspoliat
714 770 865 860 populos
885 771 1048 839 Hebraea
1067 793 1197 862 vorago

399 936 518 1025 Quae,
537 959 609 1026 quo
626 939 726 1027 plura
744 938 865 1005 datum
883 955 935 1005 est
954 939 1134 1022 mandere,
1154 940 1255 1028 plura
1272 940 1370 1030 cupit
1389 966 1400 1022 3

353 1104 495 1175 Obtulit
514 1107 662 1173 Etrusco
679 1105 794 1194 qualis
812 1128 847 1173 se
867 1107 985 1173 bellua
1005 1106 1089 1187 vati,

397 1274 579 1344 Caedibus
596 1274 747 1365 augebat
767 1297 856 1363 quae
875 1274 1013 1342 rabiosa
1034 1275 1176 1344 samem.

351 1448 511 1534 Argento
531 1466 602 1510 non
622 1443 692 1511 iam
715 1467 847 1512 merces
867 1461 1079 1512 coemuntur
1095 1463 1128 1512 et
1145 1467 1246 1528 aum,

398 1614 438 1681 ln
457 1635 610 1703 quorum
633 1612 742 1680 subiit
759 1613 899 1680 sordida
917 1614 1036 1680 charta
1055 1614 1186 1681 locum.

354 1782 368 1849 l
388 1803 497 1865 nnnc,
515 1800 620 1871 atque
637 1783 746 1872 Alpes
767 1803 916 1872 propera
935 1783 1162 1871 praecludere
1181 1782 1285 1862 vallo,

397 1951 524 2039 Quum
543 1951 683 2018 medius
699 1950 821 2018 castris
838 1950 984 2018 intimus
1004 1950 1112 2018 hostis
1130 1951 1242 2018 adest.

353 2120 459 2188 Nunc
477 2119 634 2209 rigidum
652 2120 825 2186 membris
845 2138 924 2209 apta
942 2121 1082 2187 thoraca
1101 2137 1259 2200 tuorum,

397 2288 472 2376 Qui
491 2288 601 2356 victus
619 2288 743 2377 inopes
761 2289 795 2355 in
816 2287 888 2355 fera
907 2289 997 2357 bella
1016 2307 1131 2356 ruant.

353 2457 384 2526 N
391 2479 458 2524 unc
478 2457 626 2547 chalybe
643 2457 797 2524 obducto
815 2479 922 2524 naves
938 2457 1077 2545 operire
1097 2475 1290 2537 memen10‚

396 2624 498 2713 Quas
516 2626 607 2692 male
625 2624 786 2693 defensas
803 2627 909 2693 altera
930 2627 1039 2711 Lyssa
1057 2643 1191 2692 manet.

352 2795 421 2862 Per
437 2795 553 2862 clades
569 2794 654 2863 olim
672 2795 790 2885 generi
813 2795 957 2863 fundata
976 2814 1129 2884 potestas

396 2964 466 3031 Per
483 2965 598 3032 clades
617 2964 743 3032 iterum
763 2963 921 3032 funditus
939 2982 1012 3032 acta
1034 2965 1134 3055 perit.

352 3132 452 3199 lstria
470 3154 552 3200 curn
572 3132 716 3222 proprio
737 3132 839 3200 toties
860 3132 1006 3222 repetita
1026 3132 1200 3200 Tridento

396 3301 540 3368 lnvocat
558 3303 625 3370 heu
646 3300 773 3368 frustra
793 3300 941 3368 vindicis
958 3323 1055 3368 arma
1074 3299 1153 3376 sui;

352 3470 614 3560 lmmensisque
635 3471 733 3560 prius
752 3470 852 3537 vobis
867 3471 963 3559 quod
983 3469 1185 3558 sumptibus
1206 3488 1385 3560 emptum,

398 3639 504 3708 Ruris
521 3639 705 3729 Erythraei
728 3639 808 3706 litus
828 3661 925 3707 arare
944 3641 1058 3707 datur.

351 3809 420 3876 Per
437 3825 610 3876 tormenta
629 3808 698 3875 tuis
718 3831 781 3876 sua
799 3807 858 3896 qui
879 3807 971 3874 bona
990 3807 1133 3875 tradidit
1152 3805 1248 3886 Afer,

394 3977 442 4048 Se
461 3977 623 4066 queritur
644 3977 773 4045 victum
796 3977 968 4044 deteriore
989 3975 1080 4046 Sini.

351 4146 528 4232 Legitima
546 4164 577 4213 re
595 4146 778 4214 fraudatus
797 4145 955 4214 mercede
973 4145 1135 4213 sacerdos

396 4317 552 4383 Devovet
568 4334 601 4383 et
617 4315 777 4383 claustris
799 4315 897 4404 virgo
915 4315 1031 4406 fugata
1050 4315 1128 4404 piis.

348 4485 622 4574 Absumptoque
639 4483 736 4574 prior
753 4507 859 4552 censu
878 4506 985 4572 quern
1006 4484 1156 4552 contulit
1173 4503 1281 4564 aetas,

395 4651 478 4720 Dira
496 4651 561 4720 tibi
577 4653 711 4734 miseri,
730 4652 860 4720 semina
882 4653 1018 4740 virque,
1037 4670 1180 4720 canunt.
