3936 5578
523 531 582 597 ¹90
1039 530 1176 574 nsrrrmt

519 703 687 794 Invigiles
705 704 775 770 fido
794 703 922 770 nostris
942 724 1055 791 quum
1075 721 1213 792 pectore
1233 701 1351 779 rebus,

515 871 623 960 Quos
640 893 818 939 memoras
835 871 898 938 tibi
918 871 1022 951 habe,
1041 870 1250 938 meritorum
1272 869 1441 960 praemia,
1460 892 1631 937 census.»

517 1041 578 1113 Sic
595 1041 655 1122 ait,
674 1057 707 1107 et
724 1038 845 1107 sceleri
866 1039 1010 1129 ignarus
1029 1039 1200 1128 permittit
1217 1039 1395 1117 habenas;

521 1212 640 1300 thue
661 1209 765 1276 fidem
788 1208 890 1276 faciat
907 1209 995 1276 diris
1017 1208 1187 1298 impressa
1208 1208 1358 1286 tabelliS,

520 1377 653 1446 Eximit
671 1401 688 1445 e
708 1377 818 1468 digito
839 1400 1033 1468 gemmam,
1052 1378 1227 1466 traditque
1246 1377 1396 1468 roganti,

517 1546 596 1635 Qui
616 1547 686 1613 iam
705 1547 813 1614 victor
831 1570 941 1614 ovans
958 1547 1161 1614 crudelibus
1181 1546 1343 1614 imminet
1360 1546 1461 1614 orsis.

565 1716 740 1783 Mactatur
757 1716 901 1804 sonipes
919 1715 1071 1782 Mithrae
1091 1723 1114 1796 ¹,
1133 1717 1340 1804 celeberque
1360 1737 1544 1806 magorum

517 1883 758 1974 Congreditur
775 1903 908 1964 coetus,
931 1884 1044 1952 ductis
1061 1884 1120 1973 qui
1143 1884 1297 1952 sortibus
1313 1902 1435 1973 aptum

518 2053 749 2122 Constituant
766 2052 869 2142 stragi
889 2071 1043 2143 tempus.
1069 2053 1216 2121 Differre
1234 2071 1421 2121 cruentum

522 2221 752 2311 Praecipiunt
769 2239 879 2289 sortes
900 2222 1049 2304 facinus,
1067 2222 1273 2312 gladiosque
1296 2222 1434 2311 reponi,

523 2389 701 2459 Undecies
718 2390 832 2457 solido
849 2392 935 2458 dum
955 2391 1039 2458 luna
1057 2391 1233 2459 refulserit
1252 2393 1351 2471 orbe,

520 2563 639 2646 Atque
657 2561 765 2626 modo
784 2559 945 2649 inceptus
962 2582 1072 2649 prope
1090 2581 1234 2627 cursum
1257 2560 1447 2648 expleverit
1464 2582 1590 2628 annus.

523 2726 736 2817 Indignatur
752 2732 884 2810 Antan,
904 2750 966 2795 sua
982 2731 1077 2815 quod
1096 2727 1202 2796 dilata
1221 2729 1395 2818 voluptas,

522 2895 643 2984 thue
661 2894 757 2985 gravi
778 2897 899 2963 saltem
918 2896 1131 2965 miserorum
1152 2897 1281 2988 gaudia
1297 2899 1391 2966 luctu

523 3063 677 3132 Hauriat
697 3082 867 3147 actutum,
887 3065 945 3155 figi
963 3067 1100 3133 decreta
1118 3089 1180 3156 per
1199 3067 1304 3134 urbes

520 3232 634 3301 Curat
651 3249 760 3299 atrox.
781 3233 930 3303 Subitus
948 3233 1089 3301 Iudaeis
1107 3233 1228 3302 incidit
1247 3235 1385 3316 horror,

524 3401 568 3468 Et
584 3400 706 3468 miscet
723 3401 891 3492 plangore
910 3404 1062 3470 domus:
1083 3422 1120 3471 ut
1142 3426 1320 3492 quemque
1339 3428 1444 3472 suum
1462 3404 1527 3473 fert

524 3569 727 3660 Ingenium,
748 3570 856 3660 raptis
874 3571 931 3638 hic
951 3595 986 3639 se
1005 3574 1148 3641 metitur
1166 3573 1200 3641 in
1219 3574 1339 3655 armis,

523 3737 587 3805 llle
605 3761 727 3827 parare
744 3738 865 3829 fugam
884 3741 1035 3830 trepidat
1051 3765 1159 3830 seque
1175 3744 1305 3810 abdere
1323 3743 1452 3812 lustris.

524 3905 612 3974 Pars
633 3924 786 3996 torpent,
806 3931 886 3997 pars
904 3909 1096 3978 dilacerant
1113 3933 1130 3978 a
1150 3931 1289 4000 pectore
1306 3932 1430 3980 vestes.

523 4076 658 4142 Verum
679 4077 840 4166 amplexa
858 4076 980 4145 fovens
997 4079 1134 4168 gremio
1154 4103 1217 4146 sua
1236 4080 1385 4169 pignora
1403 4099 1514 4150 mater

526 4245 633 4312 Haud
653 4245 832 4335 peperisse
853 4246 935 4314 velit
952 4269 1046 4314 nunc
1064 4248 1235 4337 primum,
1254 4268 1443 4339 uterosque
1462 4251 1582 4319 beatos

632 4494 640 4524 ¹
661 4493 782 4548 lllitlrras
797 4510 904 4548 nomen
921 4495 988 4549 solis
1004 4496 1081 4566 apud
1100 4499 1208 4562 Persas,
1223 4499 1269 4552 cui
1285 4511 1354 4553 teste
1369 4500 1563 4570 Xenophonte
1577 4502 1693 4574 (Cyrop.

525 4598 603 4669 Vlll)
619 4616 711 4668 equos
728 4600 930 4656 immolabant.
