3970 5580
1002 447 1145 492 PULlCES

595 623 770 696 Cautibus
787 622 941 690 excussis
959 622 1079 702 saltus,
1100 621 1326 710 properantia
1343 621 1369 687 si
1390 643 1459 710 qua

597 797 776 884 Rumpere
794 791 862 860 fata
880 810 1033 880 queant:
1054 792 1121 857 hoc
1141 790 1256 856 acrius
1275 790 1332 856 illa
1351 812 1517 878 sequaces

596 963 703 1034 Mittit
722 979 870 1051 utroque
889 981 1028 1040 manus
1046 958 1237 1049 digitisque
1258 958 1471 1027 micantibus
1488 959 1608 1027 instat.

594 1131 762 1222 alipedes
779 1129 825 1197 ita
846 1129 895 1195 vel
915 1127 1032 1195 medio
1050 1128 1139 1217 rapit
1158 1127 1309 1218 impigra
1328 1129 1433 1211 saltu,

595 1301 767 1390 Quotque
786 1315 880 1365 tenet
900 1314 1019 1386 captos
1040 1295 1169 1364 inflexo
1186 1296 1312 1385 pollice
1331 1315 1468 1365 mactat.

595 1467 695 1560 Quin
718 1466 865 1534 miseros
884 1465 990 1533 etiam
1008 1465 1110 1533 dictis
1128 1465 1245 1533 illudit
1262 1466 1415 1534 amaris:

599 1663 615 1702 e
635 1639 714 1706 Non
735 1653 854 1703 nostro
872 1635 1016 1725 posthac
1033 1634 1249 1703 scelerabitis
1266 1657 1327 1702 ora
1345 1657 1483 1716 cruore,

597 1808 726 1876 Nostra
745 1825 807 1870 nec
825 1803 1017 1870 innumero
1036 1803 1186 1893 carpetis
1204 1803 1335 1871 viscera
1353 1824 1474 1871 morsu
1492 1825 1501 1890 ;

597 1977 649 2044 Ne
668 1993 783 2041 tamen
806 1971 1005 2040 excrucient
1024 1973 1169 2040 umbras
1188 1971 1320 2039 ieiunia
1339 1991 1470 2054 sontes,

598 2142 741 2212 Mollior
761 2141 836 2231 ipsa
853 2141 973 2208 cibum
992 2142 1035 2208 de
1056 2163 1091 2208 se
1113 2140 1293 2230 praebebit
1314 2141 1481 2231 Erinnys.
1501 2166 1518 2206 »

596 2311 701 2400 Quae
720 2312 793 2377 loca
810 2309 964 2377 disiectis
982 2309 1070 2378 vidit
1091 2312 1198 2377 modo
1215 2309 1348 2377 fervere
1367 2310 1510 2393 turmis,

594 2481 698 2547 Vasta
718 2479 852 2546 iacent:
875 2501 1090 2568 quacunque
1108 2497 1201 2568 patet
1220 2497 1317 2546 vacat
1336 2479 1496 2548 hostibus
1514 2502 1660 2569 aequor.

598 2648 738 2719 Scilicet
756 2670 773 2714 e
791 2647 915 2735 capitis
935 2647 1001 2714 cita
1020 2671 1108 2737 quos
1125 2649 1331 2716 discrimine
1350 2671 1493 2717 summo

598 2815 737 2906 Eripuit
755 2815 848 2905 fuga,
867 2815 1027 2883 diversos
1048 2815 1178 2906 petiere
1200 2834 1369 2907 receptus.

596 2986 679 3053 Non
701 2983 821 3050 minus
834 2983 955 3052 invisit
974 2986 1115 3074 Lynceo
1133 2985 1268 3052 lumine
1284 3006 1450 3073 campum

596 3152 832 3242 Rimaturque
851 3153 951 3220 sinus
969 3153 1087 3243 virgo:
1110 3171 1185 3221 tum
1202 3175 1349 3242 corpora
1367 3176 1529 3243 quaeque

593 3321 723 3391 Abdita
742 3321 902 3412 vestigat,
921 3323 1075 3389 multum
1096 3321 1319 3411 indignantia
1340 3322 1468 3391 frustra

595 3491 774 3559 Protrahit
792 3490 827 3558 in
847 3491 976 3572 lucem,
995 3490 1127 3580 Stygiis
1144 3491 1347 3558 damnanda
1365 3493 1521 3560 tenebris
1537 3517 1546 3575 ς

594 3660 669 3727 Nec
688 3659 787 3748 prius
807 3659 944 3727 absistit
962 3678 1056 3727 vasta
1075 3683 1182 3749 quam
1200 3662 1305 3728 caede
1327 3679 1479 3749 peracta,

594 3828 824 3917 Cognatoque
845 3851 980 3918 suoque
998 3829 1153 3896 natantia
1174 3829 1344 3920 sanguine
1361 3829 1501 3919 linquit.

601 3997 703 4065 Unus
727 4018 810 4064 avos
825 4016 1016 4086 atavosque
1035 3999 1110 4065 dies
1127 4016 1338 4088 tenerosque
1357 4018 1503 4089 nepotes

595 4164 792 4232 lnterimit:
813 4185 949 4234 cessant
968 4167 1146 4234 volventes
1165 4167 1314 4234 stamina
1334 4167 1476 4234 Parcae.

600 4333 682 4400 Non
704 4333 813 4401 simili
840 4335 1006 4402 exstincta
1031 4354 1082 4403 est
1102 4335 1235 4403 Priami
1258 4336 1387 4403 domus
1406 4336 1534 4426 inclyta
1551 4338 1664 4418 clade,

596 4503 670 4569 Nec
690 4519 740 4569 tot
758 4502 893 4570 vidistis
914 4504 1104 4572 Fabiorum
1126 4505 1248 4572 lunera
1268 4505 1358 4572 Veii.
