3970 5580
472 499 517 564 94
867 499 914 542 ΑΙ)
941 498 1101 543 IUVENEM
1127 497 1250 541 SATIRA

474 674 600 761 Teque
617 673 729 739 altum
747 671 885 760 spirans
903 693 1054 739 numero
1076 669 1292 737 immiscebis
1309 669 1442 762 oranti,

477 840 691 928 Iniiciesque
710 861 850 920 manus,
869 859 902 907 et
919 840 1033 929 gentis
1050 839 1196 906 nomine
1217 861 1365 929 regnum

476 1007 649 1098 Arripies.
674 1008 824 1075 Posthac
842 1009 930 1076 dura
948 1029 1106 1075 exercere
1124 1006 1242 1074 licebit

478 1179 647 1269 imperia,
665 1195 698 1245 et
718 1177 811 1245 cives
828 1201 951 1246 vexare
970 1179 1117 1267 impune
1138 1178 1302 1258 tributis3

480 1348 575 1415 Nant
594 1349 690 1436 quod
711 1347 849 1415 tonderi
868 1347 1024 1434 graviter
1044 1371 1150 1436 pecus
1168 1347 1410 1428 anteferebat,

481 1518 686 1585 Dummodo
704 1516 808 1583 verba
826 1515 939 1598 dabis,
960 1518 1071 1584 tradet
1094 1537 1176 1584 cunt
1199 1516 1325 1583 vellete
1344 1516 1470 1605 pellem

479 1683 616 1774 Sponte
636 1708 723 1766 suat
743 1686 795 1752 vet
816 1685 843 1751 si
865 1684 1010 1753 audebit
1031 1685 1187 1768 muttire,
1206 1707 1325 1752 coerce

483 1853 665 1936 Fastibus,
684 1870 717 1920 et
733 1851 925 1920 dominum
944 1874 1027 1942 grex
1045 1871 1077 1919 te
1094 1852 1293 1942 experiatur
1318 1854 1470 1942 ineptus.

481 2026 527 2089 At
548 2020 718 2110 quoniam
737 2021 833 2087 nulla
854 2038 906 2088 est
923 2021 1026 2088 hodie
1047 2021 1217 2088 diuturna
1235 2038 1400 2109 potestas,

485 2190 713 2278 Fortunaque
732 2189 844 2278 magis
865 2211 934 2256 non
954 2208 1005 2256 est
1025 2189 1194 2256 mutabile
1211 2189 1425 2278 quidquam,

483 2357 643 2426 Consule
662 2357 730 2425 iarn
751 2358 832 2424 inde
850 2376 947 2425 catus
968 2380 1025 2441 ne,
1044 2380 1158 2446 quum
1178 2376 1209 2424 te
1228 2357 1390 2426 merserit
1408 2357 1478 2435 illa,

475 2503 630 2593 ¹Privato
650 2527 701 2592 vei
720 2548 805 2615 opes
822 2527 875 2593 vel
898 2527 987 2594 vitae
1005 2526 1133 2616 gaudia
1151 2527 1278 2594 desint.

487 2695 586 2762 Neve
604 2694 717 2762 bonae
736 2695 887 2762 nimium
907 2717 1006 2763 cures
1027 2695 1213 2784 dispendia
1231 2695 1358 2776 famae,

487 2862 615 2951 Quum
634 2863 746 2930 scelus
764 2863 925 2931 invenies
943 2864 1096 2946 nullum,
1119 2887 1191 2953 quo
1212 2886 1282 2931 non
1302 2863 1346 2931 sit
1363 2882 1511 2950 egestas,

488 3031 652 3100 Deterior
673 3032 797 3100 multo.
819 3033 881 3100 Vel
898 3032 985 3122 quid
1006 3051 1078 3100 tam
1095 3052 1198 3122 turpe
1217 3033 1370 3122 parabis,

487 3198 599 3287 Quod
621 3221 690 3267 non
714 3200 846 3268 utilitas
863 3220 1001 3290 purget,
1020 3224 1201 3270 successus
1219 3203 1406 3270 honestet?
1493 3248 1495 3252 ,

534 3368 604 3439 Sed
623 3369 743 3437 tetrica
761 3370 900 3438 dudum
919 3393 975 3438 me
994 3371 1108 3438 fronte
1125 3371 1234 3438 tueris
1251 3388 1283 3439 et
1300 3398 1306 3436 :
1326 3370 1438 3441 «Ohe
1457 3375 1463 3438 !

487 3537 674 3605 Turbidus
691 3538 864 3605 exclamas
879 3564 889 3622 ς
911 3561 981 3627 quo
998 3561 1056 3608 me
1074 3541 1215 3608 tandem
1236 3563 1346 3629 usque
1364 3541 1499 3608 tenebis

488 3705 714 3793 Suspensum
733 3709 841 3774 naso?
864 3708 917 3774 vel
933 3731 1107 3798 quorsum
1124 3732 1164 3776 ea
1179 3711 1299 3798 putida
1318 3711 1467 3778 tendunt

492 3874 683 3963 Praecepta
701 3875 743 3942 ad
763 3897 901 3943 nostros
919 3877 1069 3945 minime
1088 3878 1250 3945 facientia
1269 3881 1411 3947 mores?

494 4042 589 4109 Nam
607 4065 721 4132 neque
739 4067 795 4112 me
814 4046 921 4113 sancti
940 4048 1045 4114 talem
1063 4047 1245 4116 instituere
1264 4066 1438 4137 parentes,

490 4209 565 4298 Qui
586 4211 693 4280 decus
711 4232 771 4281 aut
788 4236 954 4282 nummos
973 4237 1079 4284 vener
1097 4239 1158 4306 per
1175 4217 1326 4285 crimina
1343 4240 1351 4306 3
1372 4241 1434 4285 nec
1452 4237 1502 4300 tu7

492 4378 531 4450 Si
551 4380 640 4449 bene
656 4399 688 4449 te
708 4383 803 4465 novi,
822 4385 865 4451 ad
884 4403 1093 4452 monstratas
1110 4386 1271 4476 coniugis
1289 4404 1390 4454 artes.

491 4549 616 4636 Quare
633 4553 800 4641 nugando
817 4552 885 4621 nisi
905 4556 1051 4643 perdere
1069 4574 1228 4645 tempora
1250 4556 1367 4638 malis,
