3928 5580
709 482 824 528 PUGNA
851 482 1070 528 NOMENTANA

303 657 346 723 Et
362 677 474 744 quum
493 655 724 723 circumstant
741 656 908 745 propiora
927 653 1096 745 pericula,
1115 653 1258 744 longam

302 823 466 891 Pontifici
488 824 595 891 vitam
615 847 746 914 magno
762 824 869 891 simul
887 846 947 891 ore
965 841 1166 914 precantur,

301 993 619 1083 Prorumpuntque
638 993 766 1060 simul:
790 992 929 1061 ruitur:
953 1014 1052 1060 mora
1072 992 1170 1060 nulla
1189 991 1322 1060 feroces

302 1164 419 1231 Densa
438 1162 501 1231 viri
521 1163 670 1230 miscent
690 1163 817 1230 collato
838 1164 986 1229 vulnera
1006 1161 1133 1229 Marte.

301 1332 369 1399 llis
387 1331 542 1421 geminat
559 1331 671 1421 pietas
692 1331 844 1412 animos,
864 1330 1027 1419 viresque
1046 1329 1246 1411 ministrat3

300 1499 505 1568 Praeteritis
524 1500 572 1567 illi
595 1517 742 1567 sumunt
760 1523 778 1566 a
796 1498 957 1566 cladibus
976 1499 1057 1581 iras,

299 1669 343 1736 Et
360 1667 476 1736 brevis
494 1668 632 1758 ignavis
650 1667 757 1736 intrat
774 1667 980 1757 praecordia
1000 1667 1122 1735 virtus.

296 1841 343 1904 At
359 1858 429 1904 non
449 1837 517 1902 fida
536 1835 590 1902 Pii
613 1837 731 1925 prodit
750 1835 894 1903 victoria
911 1857 1069 1917 causam,

299 2006 459 2073 Forsitan
478 2023 512 2073 et
531 2005 645 2072 luerat
662 2005 785 2072 turbae
805 2005 862 2072 lux
879 2004 937 2071 illa
959 2004 1100 2072 nocenti

299 2172 448 2254 Ultima,
472 2172 506 2238 ni
529 2172 669 2238 solitam
687 2171 769 2262 iuga
787 2195 891 2261 opem
916 2190 1101 2262 properata
1120 2174 1269 2256 tulisset,

296 2341 366 2412 Sed
384 2358 524 2408 steterat
546 2342 653 2409 modo
670 2341 731 2430 qui
751 2340 873 2431 iugulo
894 2343 948 2408 vel
968 2359 1108 2430 pectore
1127 2365 1263 2425 mucm,

298 2513 404 2580 Nunc
421 2512 500 2578 data
522 2529 617 2600 terga
635 2509 775 2599 premit.
797 2511 914 2580 Citius
932 2533 1002 2578 non
1022 2511 1140 2578 addita
1154 2513 1280 2580 damae

295 2677 370 2747 Ota
390 2701 517 2745 canum
535 2677 701 2767 lugiun13
723 2676 889 2744 timidum
911 2699 980 2744 non
1000 2679 1116 2745 acrius
1129 2701 1254 2768 agmen

298 2848 512 2935 Latratuque
533 2868 636 2913 canes
654 2845 787 2913 rabidis
806 2846 858 2912 vel
877 2845 1046 2913 dentibus
1063 2863 1203 2934 urgent.

339 3017 402 3082 Est
421 3017 668 3083 Nomentanae
688 3035 878 3082 nemoroso
897 3013 932 3080 in
952 3012 1080 3080 vertice
1099 3013 1197 3103 rupis

293 3185 487 3255 Castellum
507 3185 710 3274 antiquum,
729 3182 958 3271 subiectaque
974 3182 1124 3270 despicit
1140 3205 1235 3250 arva.

296 3355 382 3422 lnde
404 3353 465 3422 ubi
484 3375 695 3442 prospexere
714 3352 805 3419 acies
824 3351 1002 3440 praedone
1020 3349 1131 3417 relicti

293 3525 469 3594 Custodes
486 3524 695 3612 clademque
712 3545 828 3604 suam,
848 3542 1052 3588 succurrere
1070 3537 1178 3586 tectos

295 3697 377 3762 Fert
393 3693 535 3760 animus
553 3691 657 3759 sociis
675 3689 892 3780 palantibus,
912 3689 1020 3778 inque
1039 3707 1227 3778 sequentes

292 3862 414 3934 Omne
431 3885 543 3953 genus
565 3861 709 3929 mittunt
726 3861 902 3928 telorum:
922 3859 1090 3949 plumbea
1105 3860 1240 3949 grando

290 4030 454 4099 Turbine
473 4031 594 4097 adacta
611 4029 739 4096 cadens
756 4050 819 4118 per
835 4033 981 4116 cam'pos
998 4025 1121 4094 lunera
1141 4027 1273 4094 densat.

295 4200 434 4267 Rursus
452 4196 500 4265 ibi
519 4195 619 4264 victis
636 4219 716 4286 spes
734 4193 876 4278 addita3
896 4216 1026 4284 parvus
1045 4211 1078 4261 at
1100 4193 1168 4260 illis

296 4366 403 4432 Haud
421 4386 530 4453 parvo
547 4381 614 4431 stat
630 4380 833 4430 successus:
855 4362 1006 4429 muralia
1023 4380 1144 4429 contra

292 4533 475 4603 Sistuntur
492 4547 680 4613 tormenta,
699 4528 831 4619 quibus
851 4551 964 4617 quum
983 4545 1106 4617 stupea
1124 4529 1267 4596 flamma
