3936 5578
498 514 556 580 [74
900 515 1004 560 lunas
1030 515 1255 560 utriculanus

581 687 640 759 Sic
659 688 789 755 ludas:
809 687 893 754 socii
912 706 1097 778 conceptas
1115 687 1239 756 ordine
1262 709 1363 754 voces

538 856 766 948 Ingeminant
784 883 791 923 ε
811 857 964 924 clamore
983 857 1053 946 poli
1073 879 1226 924 convexa
1245 858 1428 923 resultant.

541 1026 583 1092 Et
604 1026 744 1092 valuere
762 1049 903 1115 preces:
924 1025 1105 1114 Superum
1123 1027 1165 1093 de
1183 1028 1264 1094 sede
1285 1026 1398 1100 beata,

538 1193 661 1282 Quem
680 1216 789 1283 penes
810 1195 937 1261 electae
955 1195 1106 1261 blicbael
1128 1194 1287 1262 custodia
1305 1193 1433 1284 gentis,

538 1362 645 1429 Visus
663 1363 759 1430 adest
777 1363 878 1446 nulli,
902 1362 1086 1454 Syriisque
1108 1364 1296 1452 perardua
1316 1364 1435 1452 lapsus

539 1531 711 1600 Consistit
728 1531 862 1613 castris,
882 1531 1111 1621 elephantum
1131 1531 1192 1599 ubi
1214 1533 1392 1599 maximus
1409 1531 1535 1611 adstat,

539 1673 771 1762 Ostentisque
792 1674 885 1740 acuit
904 1692 1115 1752 monstrum,
1139 1673 1270 1762 quibus
1289 1673 1388 1740 ocius
1407 1673 1454 1739 illi

542 1841 662 1910 Prisca
681 1842 772 1910 redit
791 1841 931 1910 feritas:
954 1842 1086 1909 Indum
1106 1842 1240 1909 cervice
1262 1841 1473 1928 magistrum

545 2010 684 2077 Excutit
698 2010 866 2098 eliditque
886 2011 974 2092 sola,
997 2010 1077 2077 dein
1100 2009 1231 2100 impete
1251 2029 1347 2078 vasto

543 2177 661 2248 Obvia
684 2200 844 2266 quaeque
865 2177 934 2246 ruit
955 2196 1101 2261 temere,
1120 2197 1152 2246 et
1169 2196 1239 2245 tota
1257 2179 1399 2268 agmina
1417 2179 1536 2246 calcat.

541 2346 620 2418 Sub
638 2348 726 2436 pede
744 2345 931 2414 dissultant
949 2347 1130 2415 thoracum
1151 2347 1340 2438 fragmina,
1358 2366 1390 2415 et
1412 2370 1480 2414 una

542 2515 635 2584 Ossa
657 2514 784 2583 obtrita
802 2533 972 2605 crepant3
995 2535 1071 2584 tum
1094 2515 1121 2582 si
1141 2539 1230 2604 quos
1247 2517 1390 2583 tendere
1407 2534 1528 2583 contra

548 2685 628 2751 Fert
645 2683 789 2751 animus
807 2706 988 2774 praeceps,
1007 2703 1084 2752 cute
1102 2685 1168 2751 tela
1188 2702 1303 2752 retusa
1323 2684 1448 2774 rigenti

547 2853 575 2919 F
578 2869 777 2920 rustrantur
794 2852 945 2936 dextras,
964 2853 1131 2942 ipsosque
1150 2853 1360 2942 proboscide
1383 2872 1501 2942 raptos

546 3020 657 3088 Mittit
673 3020 708 3087 in
728 3020 902 3088 aetherias
920 3021 1086 3089 tormenti
1109 3021 1244 3090 viribus
1262 3045 1366 3090 auras

548 3190 684 3272 Bellua‚
702 3190 934 3278 terrificisque
953 3192 1074 3280 procul
1094 3192 1167 3258 loca
1186 3191 1332 3259 vocibus
1350 3192 1485 3281 implet.

545 3360 831 3429 Consternantur
846 3361 942 3449 equi,
962 3361 1206 3450 subrectisque
1223 3361 1369 3429 auribus
1389 3361 1546 3434 horrent.

550 3528 715 3617 Captatas
736 3531 850 3597 raucis
869 3548 1069 3618 regerentes
1092 3529 1238 3597 naribus
1257 3553 1371 3597 auras

547 3697 633 3763 Mox
651 3696 756 3764 etiam
775 3697 924 3765 miscent
941 3699 1067 3781 aciem,
1090 3699 1310 3786 adductoque
1330 3716 1530 3788 repugnant

551 3864 719 3932 Indomiti
737 3865 838 3932 freno
854 3892 860 3932 :
879 3866 1045 3933 confusae
1068 3867 1231 3956 protinus
1249 3868 1334 3933 alae.

596 4035 690 4101 Dant
702 4056 859 4103 cuneum
874 4035 1045 4118 Hebraei,
1060 4035 1232 4124 densique
1245 4035 1409 4103 seruntur
1423 4035 1457 4102 in
1474 4035 1610 4102 hostem
1624 4059 1631 4121 3

553 4204 689 4272 Emicat
703 4222 781 4271 ante
799 4204 887 4270 alios
905 4222 1045 4293 arrepto
1059 4222 1217 4294 tempore
1237 4205 1357 4286 ludas,

549 4377 668 4460 Atque
686 4373 739 4439 vel
761 4375 928 4462 adspectu
946 4395 1046 4440 caeca
1067 4373 1262 4441 formidine
1281 4391 1399 4462 captos

555 4539 734 4630 Dissipat3
756 4542 831 4632 ipse
850 4559 967 4610 tamen
986 4544 1165 4632 trepidum
1182 4566 1251 4610 non
1272 4561 1426 4611 sternere
1444 4543 1571 4632 vulgus
