3950 5590
523 547 560 610 ili
977 568 1071 613 trous
1094 568 1231 613 mucius

516 745 608 809 Ante
626 762 709 808 suos
725 741 867 809 Tiberis
888 763 988 810 verso
1008 761 1100 832 peret
1118 743 1258 833 agmine
1276 743 1404 826 fontes,

517 909 640 998 Quam
659 930 778 978 nostro
797 930 854 979 tua
872 911 977 979 corde
997 912 1123 1002 ingens
1141 912 1316 980 abolescat
1333 912 1459 1002 imagn.

560 1079 645 1168 Qua
665 1081 781 1148 Notus
799 1098 850 1148 est
868 1081 964 1148 Euro
981 1080 1239 1162 conterminus,
1257 1081 1324 1148 alta
1341 1080 1489 1169 Quirini

517 1249 747 1338 Prospectum
768 1249 871 1316 lautis
888 1249 1052 1317 adimunt
1073 1250 1152 1340 iuga
1171 1250 1304 1316 consita
1323 1252 1434 1327 tectis,

516 1417 765 1507 Esquiliasque
783 1436 904 1510 tegunt
919 1443 928 1498 3
946 1437 1171 1508 superantem
1193 1419 1332 1509 longius
1350 1441 1464 1487 arcent

514 1587 640 1656 Cernis
656 1587 886 1670 Aventinam,
911 1605 1006 1654 vasto
1024 1610 1131 1676 quam
1150 1587 1261 1655 fertile
1280 1606 1400 1656 contra

515 1755 715 1823 Ianiculum
734 1775 843 1825 tractu
863 1778 1049 1824 nemorosa
1069 1756 1253 1824 cacumina
1270 1757 1372 1824 tollit.

513 1924 639 1992 Vicino
658 1925 815 1993 viden’ut
833 1925 1033 2014 splendent,
1054 1926 1138 1993 urbs
1156 1926 1276 2000 altera,
1295 1925 1382 1993 colle

513 2093 697 2160 Pontificis
715 2095 829 2174 sedes,
848 2093 979 2183 aliique
998 2094 1180 2161 simillima
1201 2095 1299 2160 coelo

513 2267 553 2330 In
571 2262 709 2329 coelunt
730 2271 913 2350 penetrant
930 2263 1018 2331 sacri
1041 2263 1176 2352 fastigia
1194 2262 1316 2352 templi
1335 2264 1346 2329 i

512 2436 558 2499 At
576 2431 723 2519 propius
741 2431 852 2498 moles
869 2431 1016 2500 Adriani
1037 2454 1185 2521 operosa
1204 2431 1355 2520 sepulcri

510 2599 730 2688 Adspicitur‚
751 2600 933 2689 passisque
951 2603 1093 2668 adstans
1108 2601 1142 2667 in
1160 2601 1287 2668 vertice
1305 2599 1433 2690 pennis

513 2767 704 2838 Letilerunt
727 2770 848 2837 condit
864 2769 1024 2837 coelestis
1044 2770 1192 2837 nuntius
1210 2792 1343 2837 ensem.

511 2938 631 3006 Deiice
649 2960 742 3006 nunc
760 2939 880 3005 oculos
902 2939 981 3005 valli
1000 2962 1069 3028 qua
1089 2938 1235 3006 Pincius
1254 2939 1345 3006 imae

512 3107 670 3189 Decedit,
688 3109 871 3196 celsaeque
891 3109 985 3175 vides
1003 3108 1206 3175 munimina
1229 3126 1370 3198 portae:

510 3276 722 3344 Flaminiam
742 3276 860 3345 dixere
878 3293 1012 3366 patres3
1033 3278 1169 3344 labente
1188 3279 1247 3344 sed
1266 3299 1351 3344 aevo

510 3446 589 3534 lpse
607 3468 672 3513 suo
690 3447 844 3535 populus
861 3445 947 3513 dixit
964 3448 1006 3513 cle
1025 3447 1169 3513 nomine
1188 3465 1325 3535 portam

506 3614 798 3705 Contiguumquc
817 3614 932 3681 lorum
950 3621 958 3658 ¹
979 3643 984 3681 :
1009 3615 1105 3682 locus
1126 3633 1176 3683 est
1198 3637 1341 3704 quoque
1368 3615 1512 3682 nomine
1531 3617 1671 3706 dignus.

507 3783 704 3853 Circuitum
723 3784 887 3874 gentinus
905 3785 1049 3872 signans
1067 3784 1237 3850 immania
1256 3806 1382 3851 murus

508 3954 588 4020 Fert
605 3953 793 4020 simulacra
814 3955 927 4021 Deum
947 3979 953 4020 :
975 3955 1124 4041 plateam
1145 3952 1227 4020 ltinc
1245 3970 1349 4042 atque
1368 3953 1449 4021 inde
1468 3953 1644 4021 triformes

506 4123 716 4212 Despiciunt
733 4122 925 4212 Sphinges,
946 4123 1136 4211 medioque
1154 4123 1330 4189 obeliscus
1346 4122 1381 4188 in
1401 4122 1485 4189 orbe

506 4293 611 4360 Recta
631 4311 696 4358 stat
715 4293 820 4370 mole,
845 4298 1026 4381 Aegyptus
1044 4314 1151 4379 quam
1170 4292 1282 4381 prisca
1301 4290 1436 4381 Syenes

611 4530 618 4560 ¹
639 4529 720 4596 Quae
747 4526 817 4580 olim
844 4523 1002 4578 vocabatur
1017 4526 1101 4579 l'orta
1123 4523 1274 4588 Flaminia,
1297 4539 1376 4578 nunc
1390 4523 1497 4578 dicitur
1515 4525 1607 4579 Porta
1622 4526 1671 4578 cle!

503 4655 624 4726 Populo.
641 4653 816 4722 Contiguam
833 4667 898 4703 vern
914 4651 1035 4720 plateam
1054 4649 1161 4710 Ριάςςα
1176 4648 1225 4700 del
1238 4647 1350 4717 Populo
1366 4662 1549 4719 nuncupant.
