3970 5580
980 442 1122 487 PULlCES

576 614 724 682 Falleris
744 637 765 681 o
787 615 990 703 lllorplteu:
1011 615 1058 682 nil
1078 617 1144 682 tela
1162 617 1352 705 Cupidinis
1373 618 1462 689 istic.

574 783 712 873 Sagave
730 783 843 872 turpis
861 783 944 873 agiu
965 802 1070 872 caput
1090 804 1265 852 exsecrata
1286 785 1456 874 iacentis;

575 954 650 1020 Nec
668 972 786 1020 tamen
807 953 864 1019 illa
882 954 951 1019 tuis
969 952 1061 1040 potis
1081 972 1131 1019 est
1148 955 1378 1022 succumbere
1395 957 1514 1029 donis.

573 1123 734 1210 Tempus
756 1122 790 1190 in
810 1123 975 1211 exiguum
998 1123 1050 1188 vel
1068 1123 1095 1188 si
1115 1123 1267 1190 declinat
1283 1126 1425 1192 ocellos.

576 1289 727 1360 Somnia
744 1289 957 1357 discruciant
976 1290 1163 1361 animum:
1185 1291 1250 1356 sibi
1270 1292 1403 1381 quippe
1423 1293 1561 1361 videtur

581 1459 688 1527 Nunc
705 1458 852 1526 lacerata
870 1458 981 1539 rubis,
1000 1459 1070 1526 acri
1090 1482 1185 1526 nunc
1203 1478 1279 1526 usta
1297 1460 1429 1531 favilla.

576 1627 758 1716 Quodque
776 1627 888 1717 magis
905 1628 1092 1711 miserum,
1110 1629 1169 1717 qui
1187 1631 1372 1698 turbavere
1390 1631 1559 1719 quietern,

580 1797 619 1864 ln
642 1797 737 1886 vigili
757 1815 913 1886 perstant
933 1820 1072 1878 sensus,
1091 1798 1267 1865 velamina
1287 1818 1456 1888 tanquam

581 1965 752 2034 Pestilero
772 1966 875 2034 Nessi
893 1967 1102 2055 sumpsisset
1120 1967 1234 2033 lurida
1252 1968 1346 2035 tabo.

583 2135 665 2202 Heu
687 2135 773 2223 quid
796 2152 873 2224 agat
890 2136 900 2201 ἓ
919 2154 1057 2202 mutare
1075 2136 1166 2202 latus
1184 2137 1232 2202 nil
1254 2136 1395 2225 saepius
1415 2159 1585 2230 aegrum,¹

579 2303 639 2371 Nil
659 2303 756 2371 iuvat
773 2304 913 2371 assidua
934 2285 1149 2394 componere
1167 2305 1271 2393 pallia
1289 2307 1417 2372 dextra.

580 2473 693 2562 Quod
712 2493 884 2562 superest,
907 2475 1011 2541 horas
1029 2495 1156 2559 segnes
1174 2474 1361 2563 lucemque
1379 2490 1575 2542 morantem

583 2643 785 2732 lncrepitat.
805 2644 984 2731 stellisque
1001 2643 1081 2710 iacit
1097 2643 1256 2710 convicia
1273 2643 1402 2711 surdis.

580 2812 662 2879 Non
681 2811 767 2879 alias
784 2829 855 2879 tam
874 2812 965 2879 lente
982 2812 1052 2902 egit
1068 2835 1130 2879 sua
1150 2812 1304 2902 plaustra
1324 2813 1464 2892 Bootes,

582 2981 672 3060 Nec,
691 2981 719 3047 si
739 3004 820 3048 vera
838 2980 969 3064 ferunt,
989 2999 1089 3049 nocte
1112 2982 1183 3049 ibat
1199 2981 1332 3048 tardior
1350 2981 1421 3060 illa,

583 3151 773 3218 Alcmenes
793 3173 899 3239 quam
919 3150 1076 3219 famosus
1093 3150 1287 3240 geminavit
1304 3168 1451 3217 amator.

627 3321 719 3409 Ergo
737 3319 798 3388 ubi
815 3319 929 3409 prima
948 3320 1058 3386 lacem
1079 3319 1271 3386 Pallantias
1291 3318 1414 3386 extulit
1431 3320 1514 3401 Eos,

583 3489 727 3556 Prosilit
745 3513 761 3556 e
780 3489 909 3570 stratis,
929 3488 1050 3577 iraque
1068 3511 1211 3556 accensa
1230 3489 1367 3578 puella:

582 3658 735 3740 «Mene,
757 3657 818 3738 ait,
841 3657 1025 3746 indignam
1047 3676 1162 3725 tantos
1181 3657 1332 3747 perferre
1351 3658 1504 3736 dolores,

582 3828 626 3894 Et
643 3827 755 3893 solam
775 3825 932 3915 placidae
951 3848 1021 3892 non
1042 3847 1185 3892 noscere
1206 3846 1355 3891 munera
1373 3823 1511 3892 noctis?

586 3996 725 4084 Nempe
743 3993 838 4061 ferox
857 4011 977 4062 nostro
995 4017 1081 4083 gens
1099 3993 1263 4060 insidiata
1281 3994 1413 4083 sopori,

585 4165 697 4232 Dente
715 4180 888 4231 venenato
905 4164 1049 4229 devotos
1067 4181 1214 4251 occupat
1231 4180 1338 4229 artus.

582 4334 677 4400 Proh
697 4332 830 4422 superi,
850 4332 936 4421 quid
954 4350 1091 4399 tantum
1110 4332 1144 4398 in
1166 4355 1226 4398 vos
1243 4331 1428 4398 admittere
1444 4329 1557 4420 quivi,

582 4503 631 4571 Ut
648 4525 711 4591 per
729 4501 824 4568 mille
845 4501 1001 4568 animam
1024 4502 1113 4568 hanc
1131 4500 1322 4588 compellar
1339 4522 1469 4589 ponere
1488 4517 1617 4567 mortes
1635 4501 1646 4566 l
