3928 5580
530 533 572 578 20
989 534 1083 581 MONS
1102 537 1240 582 PlNClUS

528 705 676 776 Cautior
693 709 788 775 hunc
808 707 920 776 oculis
936 708 1073 776 dudum
1095 709 1215 778 sortita
1234 711 1351 800 puella

530 874 668 966 Excipit
684 875 857 960 oblatum,
879 876 1064 967 plenisque
1083 878 1224 946 volatile
1240 897 1398 970 gypsum

530 1045 753 1135 Depromens
770 1045 916 1113 calathis
933 1048 1080 1115 adverso
1098 1047 1261 1116 coniicit:
1285 1048 1344 1116 olli

529 1213 677 1281 Mentita
698 1213 815 1282 subito
832 1215 1027 1304 pallescunt
1043 1237 1104 1282 ora
1124 1215 1247 1283 farina.

529 1384 641 1450 «Hoc
662 1383 766 1452 habet
781 1411 796 1444 n
819 1383 985 1453 inclamat
1003 1384 1115 1476 virgo,
1135 1402 1169 1452 et
1189 1408 1232 1452 ne
1250 1384 1331 1452 talia
1350 1385 1428 1453 telis

527 1557 623 1620 Ausa
642 1552 714 1620 luat
731 1553 889 1643 paribus,
909 1553 1035 1620 festina
1053 1553 1197 1634 recedit,
1216 1571 1249 1621 et
1266 1575 1327 1621 ora

527 1720 630 1790 Crate
647 1721 713 1788 levi
733 1721 830 1810 tegit,
850 1723 930 1790 inde
949 1721 1039 1790 hosti
1058 1722 1180 1790 solatia
1204 1722 1294 1789 victo

529 1890 659 1958 ldalios
675 1890 780 1958 flores
797 1907 830 1958 et
849 1891 1003 1958 crustula
1022 1890 1139 1958 dulcia
1160 1891 1254 1958 dulci

527 2059 693 2148 Largitur
709 2061 852 2128 dextra:
873 2059 1035 2148 sequitur
1054 2060 1269 2148 quandoque
1287 2081 1437 2126 manum
1460 2082 1534 2142 cor,

524 2227 716 2316 Taedaque
735 2227 952 2318 compositae
970 2229 1007 2295 fit
1025 2227 1157 2317 pignus
1179 2227 1332 2296 amabile
1354 2227 1461 2317 pacis.

569 2397 713 2486 lncepta
732 2397 798 2463 nisi
818 2397 898 2486 plus
916 2418 1030 2485 aequo
1049 2396 1189 2464 lusisset
1206 2397 1375 2464 aberrans

526 2566 630 2634 Musa
647 2565 716 2649 via,
736 2566 830 2633 larva
849 2566 952 2633 facies
971 2588 1168 2634 memorare
1189 2583 1336 2634 novatas

527 2735 780 2824 Ridiculosque
803 2735 897 2802 iuvet
917 2736 1031 2802 cultus
1047 2757 1255 2824 scurrasque
1270 2732 1413 2802 lacetos.

525 2903 595 2975 Sed
612 2926 670 2971 me
688 2905 757 2970 iam
776 2921 915 2972 revocat
932 2903 1045 2993 plebis
1064 2903 1198 2971 ludicra
1220 2925 1387 2993 perosum

525 3073 672 3141 Pincius
693 3072 880 3155 illecebris,
903 3089 1035 3140 secreto
1052 3071 1113 3140 ubi
1133 3074 1222 3139 lassa
1239 3070 1340 3140 sedili

526 3243 680 3311 Flectere
701 3243 862 3310 membra
881 3242 970 3309 licet.
991 3241 1107 3310 Variis
1125 3264 1160 3309 se
1177 3240 1275 3310 sutile
1294 3241 1425 3330 passim

524 3412 662 3502 Vulgus
679 3430 756 3501 agat
777 3411 917 3494 studiis,
932 3409 1107 3500 celerique
1126 3410 1274 3500 petorita
1292 3432 1379 3500 gyro

523 3581 650 3648 Tracta
668 3580 784 3670 palam
803 3579 940 3648 domini
959 3580 1146 3647 ostendant
1165 3600 1247 3646 cum
1262 3595 1446 3645 stemmate
1465 3578 1590 3661 iustus,

525 3749 607 3816 Non
627 3749 717 3816 ultra
735 3748 825 3837 potis
843 3766 893 3816 est
913 3749 1075 3816 animum
1091 3747 1326 3837 perstringere
1346 3746 1435 3813 vatis

524 3918 640 3987 Causa
659 3917 757 3997 levis,
778 3917 896 3986 recolit
915 3915 1065 3984 memori
1081 3919 1168 3984 dum
1188 3936 1304 3984 mente
1321 3933 1457 4005 togatae

523 4086 680 4154 Annales
697 4086 824 4176 gentis,
845 4085 934 4153 Latii
955 4087 1006 4152 vel
1029 4084 1096 4152 fata
1115 4085 1292 4174 virosque,

523 4255 705 4323 Victuram
727 4278 893 4345 peperere
916 4256 1009 4322 ltalis
1026 4255 1085 4345 qui
1106 4256 1241 4322 saecula
1261 4254 1404 4333 famam,

522 4427 754 4516 Artificesque
772 4428 910 4494 adstant
929 4427 1034 4494 Pario
1053 4427 1096 4493 de
1115 4447 1291 4492 marmore
1314 4425 1442 4491 vultus.

523 4595 625 4664 Clara
643 4596 782 4676 cohors,
803 4595 956 4685 reliquos
975 4595 1081 4663 radiis
1100 4594 1165 4662 nisi
1188 4593 1315 4662 clarior
1333 4615 1426 4660 unus
