3928 5580
510 465 552 530 to
1040 482 1172 527 tratura

509 656 680 745 Orbaque
701 658 788 724 dunt
809 655 942 745 proprii
960 657 1129 723 ducunta
1151 656 1224 723 sole
1244 655 1407 727 nitorem.

512 826 701 915 Perplexos
720 825 848 892 iterant
863 824 1012 913 obliquo
1030 823 1169 892 tramite
1187 845 1326 903 cursus,

512 995 751 1082 Exercentque
770 994 908 1060 choros.
928 993 1042 1063 Celeri
1065 993 1236 1083 vertigine
1257 992 1364 1082 raptis

510 1169 667 1252 Impetus
687 1163 827 1230 assidue
845 1180 897 1230 est
916 1181 1008 1230 recto
1026 1184 1259 1251 prorumpere
1278 1179 1391 1239 motu,

509 1331 619 1398 Missa
638 1330 727 1421 fugit
747 1329 862 1420 qualis
879 1346 968 1398 torta
986 1330 1086 1420 glans
1105 1330 1271 1420 plumbea
1290 1330 1419 1410 funda,

511 1502 553 1568 Et
571 1499 712 1582 faciant,
734 1499 872 1566 medius
891 1516 1061 1588 tanquam
1080 1498 1147 1566 nisi
1169 1499 1335 1566 Phoebus
1354 1499 1491 1566 habena

510 1669 641 1737 Flecrat
659 1685 766 1759 agens
783 1668 931 1750 circum,
952 1667 1042 1734 vires
1060 1668 1145 1735 dum
1165 1668 1302 1735 viribus
1319 1685 1456 1756 aequat.

557 1839 643 1904 Ecce
662 1854 778 1904 autem
795 1835 937 1904 functus
954 1836 1125 1904 diuturno
1146 1859 1279 1918 errore,
1296 1835 1473 1926 minisque

512 2005 727 2095 Iampridem
748 2005 884 2095 positis,
902 2005 987 2074 coeli
1009 2006 1155 2073 lustrare
1174 2022 1328 2072 cometes

509 2175 729 2263 l'errereque
747 2175 858 2241 ell'uso
877 2191 1041 2263 properat
1063 2173 1240 2263 laquearia
1261 2173 1370 2242 crine.

510 2342 614 2430 Quae
633 2360 664 2410 tc
683 2343 900 2432 longinquis,
921 2343 1148 2432 peregrinum
1167 2343 1280 2422 sidus,
1299 2343 1332 2409 in
1352 2343 1424 2410 oris

511 2511 670 2579 lletinuit
692 2513 817 2579 rnora?
838 2513 889 2578 vel
910 2511 984 2578 viso
1003 2511 1089 2600 quid
1108 2513 1180 2579 sole
1200 2531 1343 2600 repente

510 2684 685 2749 Aversum
706 2681 833 2769 repetis
853 2679 938 2748 vasti
958 2681 1111 2748 confinia
1132 2680 1275 2759 mundi,

512 2848 641 2936 Qualis
663 2849 723 2917 ubi
743 2849 875 2917 indicto
894 2867 1025 2917 nietam
1042 2850 1233 2918 certamine
1250 2873 1374 2918 currus

510 3017 662 3086 Circuiit
678 3018 869 3108 stringens,
889 3040 991 3085 verso
1009 3035 1152 3085 teutone
1172 3017 1321 3086 refertur

511 3184 551 3252 ln
571 3185 724 3274 spatium
748 3207 928 3274 praecepS,
948 3203 1150 3273 arrectaque
1169 3185 1303 3252 lumina
1322 3185 1435 3253 fallit?

514 3353 690 3437 Forsitan,
710 3354 744 3421 in
763 3372 795 3422 te
813 3356 910 3422 omni
929 3357 1032 3423 turba
1052 3355 1267 3445 inquirente,
1290 3354 1420 3423 vereris

514 3524 567 3589 Ne
586 3523 719 3611 species
739 3546 827 3590 vana
848 3544 880 3591 et
899 3542 1022 3592 natura
1042 3543 1195 3614 patescat
1213 3524 1357 3592 inanis?

514 3690 573 3758 Nil
592 3690 688 3781 agis:
712 3709 763 3759 est
783 3692 900 3760 medio
917 3693 1088 3782 cupidum
1106 3694 1166 3781 qui
1185 3694 1332 3762 evadere
1350 3694 1451 3783 lapsu

513 3829 610 3927 Accit
627 3878 660 3927 ct
677 3861 711 3928 in
731 3860 863 3928 trutina
882 3862 1016 3950 pendit,
1036 3885 1217 3951 pensoque
1235 3864 1425 3931 secandum

514 4027 727 4096 Praescribit
744 4051 901 4106 cursum,
920 4047 953 4097 et
971 4030 1127 4098 redituro
1147 4050 1307 4120 tempora
1323 4032 1435 4121 ponit.

513 4196 653 4266 Scilicet
673 4198 765 4265 alma
784 4220 849 4265 suo
867 4199 1026 4288 regnajin
1049 4199 1216 4266 sublimia
1236 4200 1303 4267 vati

512 4365 712 4432 Arbitrium
734 4364 814 4433 facit
838 4367 995 4436 Uranie:
1019 4390 1090 4456 quo
1111 4367 1250 4435 foedere
1269 4370 1425 4436 mundus

512 4535 693 4612 Versetur,
713 4535 893 4602 stellarum
913 4535 1017 4603 etiam
1040 4536 1120 4624 quis
1142 4536 1176 4603 in
1196 4537 1336 4626 agmine
1355 4555 1450 4604 ranto
