3936 5578
507 527 569 571 200
1025 525 1159 568 ESTllER

506 701 600 789 Ergo
618 698 679 766 ubi
698 698 748 766 sol
766 698 922 786 primum
943 699 1067 788 pelago
1086 697 1187 766 iubar
1205 699 1328 766 extulit
1346 699 1448 778 lnd0‚

508 868 653 935 Prosilit
669 891 686 934 e
701 867 830 947 stratiS,
849 886 882 934 et
900 889 1041 956 gressus
1059 869 1224 934 admovet
1242 869 1353 934 aulae.

551 1037 630 1102 Nox
648 1058 686 1102 ea
706 1058 767 1102 nec
786 1035 856 1125 regi
879 1036 1005 1103 tulerat
1026 1058 1133 1123 quam
1152 1037 1254 1125 longa
1276 1037 1456 1125 quietetn3

505 1204 653 1273 Artibus
671 1205 768 1271 acciti
791 1203 902 1270 solitis
921 1205 1146 1294 multumque
1166 1206 1275 1272 vocati

508 1375 589 1441 Non
614 1395 738 1440 venere
757 1374 850 1440 leves
867 1374 909 1439 ad
930 1373 1130 1462 pulvinaria
1148 1374 1275 1441 somni.

509 1541 632 1612 Sidera
654 1562 885 1631 praequestus
903 1542 995 1610 lenta
1014 1565 1250 1630 auroramque
1269 1559 1482 1622 morantem,

508 1710 613 1799 Quae
632 1711 727 1800 vigili
749 1728 916 1800 superant
935 1711 1039 1778 horas
1061 1734 1103 1778 ne
1123 1713 1245 1799 perdar
1263 1712 1404 1789 inertes,

507 1880 665 1947 Annales
682 1902 800 1948 rerum
820 1879 918 1968 petitq
941 1899 1049 1968 utque
1069 1881 1215 1970 legentis
1234 1881 1354 1948 abore

508 2049 548 2116 ln
569 2072 630 2114 sua
652 2048 719 2115 lata
737 2048 835 2116 audit
856 2050 927 2115 duo
944 2049 1148 2116 coniurasse
1170 2049 1351 2116 ministros

509 2217 742 2307 Iampridem,
764 2217 954 2284 commissa
972 2218 1103 2306 quibus
1120 2218 1277 2284 custodia
1297 2236 1430 2305 portae.

510 2386 725 2453 ltlardocheo
743 2389 802 2454 sed
826 2387 922 2453 enim
943 2385 1129 2474 patefactas
1148 2385 1261 2452 iudice
1280 2387 1432 2462 fraudesq

508 2554 769 2643 Confessosque
791 2554 888 2621 nefas
906 2573 1018 2621 morte
1036 2555 1244 2644 expendisse
1265 2574 1421 2632 cruenta,

509 2725 615 2791 Nunc
634 2724 760 2790 iterum
781 2723 997 2807 admonitus,
1016 2724 1117 2790 cuius
1139 2723 1182 2790 sit
1199 2745 1348 2790 munere
1366 2745 1499 2811 sospes

509 2891 555 2962 Se
575 2892 688 2959 meriti
709 2910 806 2959 vocat
828 2892 1094 2970 immemorem,
1112 2891 1172 2980 qui
1192 2891 1272 2958 talia
1291 2893 1451 2959 nondum

510 3060 691 3131 Uberibus
709 3060 813 3128 donis
832 3060 1010 3128 benefacta
1029 3061 1229 3150 rependerit
1246 3061 1347 3128 ultro

508 3229 613 3318 Quae
631 3252 751 3297 secum
773 3231 929 3297 recolens
950 3231 1058 3297 animi
1081 3232 1165 3297 dum
1187 3231 1330 3297 lluctuat
1347 3252 1487 3320 anceps,

507 3398 692 3488 Agagiden
715 3399 873 3466 referunt
895 3400 1030 3467 adstare
1049 3417 1128 3465 ante
1147 3416 1235 3465 ostra
1253 3400 1356 3465 servi.

508 3567 691 3635 Continuo
711 3567 806 3634 iubet
824 3566 976 3647 admitti,
995 3590 1099 3655 quem
1119 3568 1248 3634 talibus
1269 3567 1358 3634 orsis

508 3735 708 3823 Compellat
726 3735 844 3822 prior:
867 3760 888 3797 <‹
901 3737 988 3817 Ede,
1009 3735 1095 3802 milri
1119 3736 1303 3817 fidissime,
1321 3738 1466 3824 quando

507 3903 761 3992 Tempestivus
777 3905 872 3984 ades,
893 3927 963 3992 quo
985 3904 1027 3971 sit
1046 3906 1265 3971 decorandus
1284 3906 1419 3973 honore

510 4073 591 4139 Non
612 4071 711 4160 prius
729 4072 864 4152 audit0‚
883 4095 974 4160 quae
994 4074 1135 4139 tandem
1155 4073 1375 4162 amplissima
1394 4074 1490 4140 tollnt

510 4239 690 4321 Praemia,
713 4241 768 4307 cui
787 4263 925 4307 mecum
945 4243 1048 4308 deber
1066 4264 1100 4308 se
1122 4242 1283 4308 Persicus
1299 4241 1406 4309 orbis.
1423 4269 1442 4305 »

508 4409 667 4475 Exsultat
684 4408 785 4475 tacite
805 4409 967 4490 Macedo,
988 4411 1074 4476 dum
1095 4429 1211 4476 mente
1231 4427 1388 4477 notatum

506 4575 594 4646 Sese
612 4577 759 4644 confidit
776 4577 927 4658 domini,
947 4579 1167 4666 paulumque
1187 4599 1366 4645 moratus:
