3936 5578
672 549 805 594 GAUDlA
831 549 1030 595 DOMESTlCA

355 724 462 790 Nunc
482 740 614 790 armata
633 722 762 812 premit
778 721 873 790 fusos
890 708 1084 792 Germania
1101 721 1235 806 Gallos,
1305 801 1308 808 ,

401 892 507 960 Nunc
524 890 734 981 suspiratus‚
754 890 867 974 Galle,
886 890 949 959 tibi
969 892 1061 958 ultor
1078 891 1184 959 adest.

350 1059 525 1128 Tessellis
541 1060 632 1128 alius
650 1061 740 1127 male
753 1060 872 1127 firmas
889 1060 1035 1128 exstruit
1052 1060 1169 1142 aedes7

398 1231 442 1297 Et
462 1247 565 1319 pavet
583 1229 699 1297 afflatu
719 1252 762 1297 ne
780 1251 843 1296 sua
861 1246 948 1297 tecta
966 1247 1078 1297 ruant.

351 1397 508 1465 Lusibus
532 1398 702 1465 accedunt
721 1397 882 1486 risusque
904 1397 1042 1486 iocique
1060 1397 1164 1465 soluti
1180 1422 1190 1480 ς

397 1567 491 1633 Nam
513 1565 608 1634 venit
626 1567 668 1633 ad
691 1584 806 1655 partes
822 1567 962 1656 garrula
980 1566 1100 1656 lingua
1118 1589 1210 1634 suas.

356 1735 442 1802 Mox
459 1753 576 1802 tamen
596 1734 631 1802 in
653 1753 774 1803 tenero
791 1753 971 1823 comparet
989 1734 1152 1803 amabilis
1169 1757 1255 1803 aevo

400 1904 595 1988 Mobilitas,
615 1905 701 1972 fixos
719 1927 782 1972 nec
799 1904 883 1972 sinit
900 1926 974 1972 esse
993 1904 1081 1971 loco.

354 2072 621 2164 surgentesque
641 2074 770 2141 domus
789 2072 1000 2162 fragilesque
1018 2073 1128 2140 valete
1150 2072 1298 2162 manipli
1314 2097 1323 2156 3

397 2243 541 2330 Tuque,
560 2263 667 2330 opere
686 2241 721 2308 in
743 2241 875 2325 medio,
898 2242 989 2331 picta
1010 2242 1138 2311 tabella
1155 2244 1254 2311 vale!

357 2411 545 2502 Implicitis
565 2412 734 2479 manibus
751 2411 836 2479 libet
854 2411 1047 2479 instaurare
1064 2411 1223 2494 choreas,

398 2583 492 2649 Dum
515 2579 602 2670 regit
618 2581 771 2648 alternos
793 2579 918 2649 naenia
937 2580 1050 2669 prisca
1069 2581 1186 2670 pedes.

350 2750 406 2817 Te
426 2748 543 2840 gentis
561 2748 718 2817 referunt
734 2750 841 2817 decus
858 2767 891 2817 et
908 2750 1015 2817 tutela
1034 2750 1238 2833 Britannae‚

398 2917 475 3005 Qui
494 2917 617 3008 procul
638 2941 657 2985 a
675 2917 787 3007 patria
804 2917 904 2986 fortis
925 2917 959 2986 in
978 2939 1075 2986 arma
1096 2919 1181 2986 ruis.

352 3086 425 3158 Sed
442 3087 578 3155 deserta
593 3087 690 3154 domi
709 3105 842 3155 moeret
862 3086 1033 3154 fidissima
1050 3087 1191 3171 coniux,

403 3256 447 3323 Et
464 3255 641 3324 desiderio
657 3255 814 3344 carpitur
829 3277 941 3344 usque
958 3256 1021 3322 tui.

352 3423 426 3506 Ah,
445 3423 583 3512 quoties
600 3423 689 3491 altae
709 3422 845 3490 scandit
860 3422 997 3513 fastigia
1015 3422 1135 3506 turris,

400 3591 639 3680 Exploretque
660 3589 754 3658 viam
772 3612 840 3679 qua
862 3590 1040 3660 rediturus
1057 3592 1126 3660 eris
1145 3597 1151 3658 !

354 3760 427 3828 Pro
446 3760 593 3828 domino
613 3776 745 3828 atratus
762 3760 913 3828 miserae
933 3783 970 3828 se
991 3761 1139 3830 nuntius
1159 3761 1271 3844 affert,

400 3927 620 4016 Scitantique
638 3949 787 4014 gemens
809 3928 890 3996 talia
908 3929 1023 3997 reddit
1042 3929 1169 3998 herae:

354 4121 376 4159 a
392 4096 461 4165 Hei
477 4095 583 4181 mihi,
603 4113 673 4165 tam
696 4097 817 4165 nitidis
837 4097 1000 4165 lacrimas
1016 4097 1147 4166 invitus
1166 4099 1287 4168 ocellis

400 4265 564 4350 Elidem,
583 4283 616 4332 at
633 4282 766 4350 cogunt
784 4264 907 4333 ultima
925 4266 1019 4335 iussa
1037 4267 1147 4336 ducis.

351 4431 513 4502 Ornatus
531 4432 707 4522 Phrygios
724 4449 758 4500 et
777 4415 870 4504 Coas
887 4456 974 4504 exue
993 4453 1126 4504 vestes:

400 4602 498 4668 Haec
515 4600 616 4684 olim,
636 4623 731 4668 nunc
747 4619 780 4669 te
799 4603 927 4670 vellera
949 4603 1044 4692 pulla
1061 4605 1198 4672 decent.
