3970 5580
731 551 777 595 AD
804 551 964 596 lUVENElll
991 553 1115 597 sartan

339 725 392 791 Ne
411 723 521 792 rubor
538 723 687 792 affirmet
702 725 858 814 culpam,
877 747 967 814 quae
985 747 1056 793 non
1076 725 1143 794 nisi
1162 725 1255 794 fasso

337 891 489 962 Officiet.
514 892 685 982 Dictoque
704 915 820 976 mane,
840 911 872 962 et
890 916 973 962 voce
991 895 1154 984 obstrepe
1173 895 1324 978 cunctis,

338 1062 559 1152 lncrepitans
576 1063 681 1146 ultr0‚
700 1064 938 1153 quorumdam
957 1065 1117 1154 exempla
1137 1083 1291 1146 secutus,

338 1228 413 1316 Qui
431 1228 512 1297 victi
532 1251 666 1320 paeana
682 1248 827 1314 canunt,
846 1229 979 1319 quibus
1000 1229 1105 1298 insita
1125 1251 1271 1320 prorsus

340 1397 409 1465 Per
427 1416 571 1466 cunctas
590 1398 757 1466 alimenta
779 1398 869 1488 rapit
887 1398 1050 1466 iactantia
1069 1399 1196 1467 clades.

339 1565 398 1636 Sic
415 1565 504 1634 bene
522 1565 707 1634 miscueris
725 1584 914 1657 postquam
933 1567 1089 1656 periuria
1107 1567 1239 1644 verbis,

339 1734 561 1803 Criminibus
578 1736 695 1804 credet
712 1757 831 1819 nem0,
850 1735 1003 1826 victique
1021 1738 1186 1805 recedent

340 1902 416 1990 Qui
433 1921 466 1970 te
486 1925 587 1994 egere
605 1927 719 2004 reum.
742 1903 853 1992 Quod
872 1904 899 1972 si
921 1924 1038 1973 tamen
1062 1928 1155 1973 unus
1170 1923 1203 1973 et
1220 1907 1307 1974 alter

340 2072 477 2140 Perstet
495 2073 529 2140 in
549 2073 693 2158 indicio,
714 2074 846 2142 laesum
866 2093 1103 2164 praequestus
1121 2077 1295 2143 honorem

340 2241 436 2332 Coge
455 2242 579 2310 lanista
599 2244 723 2311 rudem
740 2261 858 2311 tecum
875 2244 1062 2312 decernere
1080 2243 1189 2326 serre,

341 2411 409 2481 Cui
427 2411 535 2479 simul
553 2433 592 2478 ac
611 2434 740 2501 corpus
757 2413 875 2498 rigido
892 2411 1121 2481 destrinxeris
1144 2434 1241 2495 ense,

343 2581 422 2648 Hoc
443 2581 521 2669 ipso
537 2579 590 2648 vir
606 2601 771 2647 summus
791 2579 875 2663 eris,
896 2602 1102 2670 generosus,
1124 2581 1305 2662 honestus,

342 2749 533 2817 Praedives
551 2748 719 2840 ,sapiens
740 2748 874 2838 probus
896 2767 929 2817 et
945 2750 1186 2838 quodcunque
1205 2747 1366 2838 placebit.

387 2919 483 2985 Dum
502 2939 584 2986 vero
604 2935 664 2986 tua
682 2918 749 2984 vile
768 2916 855 2985 feret
875 2917 1016 2985 fastidia
1035 2917 1177 3007 vulgus,

329 3087 417 3176 ¹Qui
439 3088 606 3178 prodesse
623 3086 686 3155 tibi
704 3086 952 3178 circumspice,
969 3086 1076 3175 quive
1099 3103 1261 3175 potentes

345 3258 483 3325 Damna
502 3256 631 3325 inferre
649 3274 792 3347 queant.
820 3256 1003 3324 Humilem
1022 3272 1054 3323 te
1073 3255 1128 3322 his
1147 3256 1238 3324 adde
1255 3255 1434 3338 clientem,

343 3425 583 3514 Officiumque
600 3426 749 3494 obtrude
768 3443 883 3493 tuum.
906 3423 979 3495 Sua
996 3443 1083 3492 tecta
1102 3441 1272 3514 patronus

344 3593 415 3664 Seu
432 3612 526 3683 petat
543 3612 602 3661 aut
620 3594 771 3682 linquat,
790 3610 991 3661 servantem
1009 3609 1042 3660 te
1059 3592 1145 3660 atria
1167 3611 1284 3660 cernat

345 3762 564 3832 Permixtum
583 3761 738 3845 famulis‚
758 3780 796 3830 ut
819 3762 889 3828 iam
908 3783 979 3829 non
1000 3761 1118 3829 notior
1135 3760 1199 3844 itti,

347 3935 422 4001 Nec
442 3933 553 4024 magis
570 3934 613 4000 ad
632 3949 739 4001 nutus
756 3931 947 4020 quisquam
966 3931 1009 3997 sit
1027 3949 1213 4019 promptus
1232 3929 1371 3997 heriles.

348 4103 454 4170 Haud
481 4124 581 4170 secus
608 4118 713 4190 atque
733 4122 861 4189 auceps
887 4099 1081 4180 volucrem,
1103 4097 1198 4165 hunc
1227 4115 1261 4164 tu
1286 4096 1380 4164 mille
1401 4115 1525 4186 parato

346 4269 541 4359 illaqueare
558 4268 650 4336 dolis
667 4288 700 4336 et
718 4269 863 4336 laudum
881 4265 1000 4334 fallere
1023 4267 1133 4333 visco.

349 4439 521 4527 Exceptus
539 4436 677 4526 quoties
694 4455 791 4504 torve
809 4434 1019 4525 quotiesque
1041 4435 1219 4523 repulsum

349 4609 471 4695 Usque
490 4624 623 4674 reverte
641 4623 774 4687 tamen,
793 4604 878 4672 facie
897 4604 992 4671 velut
1010 4603 1172 4692 improba
1198 4624 1318 4669 musca
