3936 5578
516 529 579 593 2²4
1056 529 1150 572 unia

605 704 791 770 AEternum
811 721 849 770 ut
866 725 1002 769 caream
1026 724 1147 792 regna,
1170 721 1234 770 stat
1255 702 1332 770 iura
1353 720 1457 784 tueri,

649 872 753 960 Quae
772 872 859 940 mihi
878 872 1016 956 nataliS,
1036 895 1125 960 quae
1146 872 1243 940 dedit
1264 871 1338 961 ipse
1361 874 1468 940 Deus.
1488 899 1507 934 »

607 1041 621 1108 1
637 1063 746 1124 nunc,
765 1059 797 1108 et
814 1041 948 1129 priscos
963 1041 1049 1109 iacta
1067 1041 1171 1124 mihi,
1192 1043 1317 1122 Roma,
1338 1041 1507 1110 Catones:

650 1211 739 1277 Pace
758 1230 830 1290 tua,
849 1209 1021 1299 quiddam
1039 1210 1154 1280 Gallia
1173 1209 1288 1277 maius
1307 1210 1424 1277 habet.

608 1379 853 1447 Borbonidum
873 1379 1023 1448 Carolus
1040 1378 1152 1446 clarae
1170 1380 1229 1446 lux
1249 1379 1356 1446 altera
1374 1377 1503 1468 gentis,

652 1547 844 1636 Hesperias
862 1570 957 1614 arces
976 1548 1089 1614 Marte
1107 1547 1243 1614 favente
1261 1547 1374 1636 quatit
1390 1573 1399 1626 ς

606 1721 679 1784 Aut
696 1738 758 1783 sua
776 1715 803 1782 si
823 1711 1004 1805 quondam
1027 1716 1143 1805 prodit
1164 1716 1318 1784 Victoria
1336 1716 1449 1806 signa,

653 1886 692 1952 ln
713 1907 803 1951 nova
822 1907 892 1952 non
914 1885 1019 1952 fracta
1038 1885 1169 1974 praelia
1188 1903 1305 1952 niente
1325 1885 1405 1952 ruit.

606 2054 752 2122 Viribus
770 2053 928 2136 inferior,
945 2076 1137 2121 numerum
1155 2054 1281 2121 virtute
1300 2055 1510 2143 rependens,

652 2223 837 2291 Innumeri
855 2224 951 2290 solus
973 2222 1094 2290 militis
1113 2223 1223 2290 instar
1243 2223 1352 2290 adest.

609 2391 731 2480 Quem
749 2415 819 2459 non
837 2414 934 2458 arnta
952 2392 1112 2475 dotnant,
1131 2391 1231 2460 ducis
1250 2393 1344 2459 hunc
1361 2391 1546 2459 clementia
1560 2391 1689 2459 vincit:

656 2561 711 2628 Fit
727 2560 795 2627 cito
815 2559 979 2627 defensor
999 2561 1059 2649 qui
1080 2562 1178 2648 prius
1199 2560 1310 2628 hostis
1328 2579 1413 2628 erat.

610 2731 672 2796 llle
690 2731 800 2796 redux
819 2747 1007 2818 postquam
1027 2730 1158 2819 patriae
1177 2731 1272 2798 dedit
1290 2732 1408 2798 oscula
1429 2749 1556 2814 terrae,

654 2898 785 2968 Omnis
803 2898 978 2988 adoptivis
996 2898 1144 2967 lloribus
1161 2899 1254 2967 albet
1274 2922 1368 2990 ager.

610 3069 803 3158 Surgentes
819 3071 925 3136 etiam
943 3069 969 3135 si
990 3070 1204 3158 oppresserit
1221 3089 1293 3137 atra
1316 3069 1481 3159 procella,

656 3237 738 3303 lllox
760 3237 830 3304 sato
847 3238 1007 3304 attollent
1023 3237 1226 3305 candidiore
1247 3257 1362 3327 caput.

613 3407 687 3474 Nec
705 3406 771 3473 sibi
791 3428 853 3472 nec
871 3406 1009 3496 magnis
1030 3429 1190 3495 unquam
1210 3407 1429 3495 patruelibus
1450 3407 1580 3497 impar,

658 3575 867 3643 Franciscus
886 3593 1027 3664 superat
1045 3575 1130 3642 facta
1149 3595 1293 3664 paterna
1311 3577 1384 3643 suis
1400 3603 1409 3658 ς

612 3743 735 3831 Quenr
754 3766 831 3811 raro
850 3743 936 3811 vidit
955 3744 1075 3813 Caieta
1097 3745 1242 3812 satellite
1260 3746 1428 3822 cinctum,

658 3913 843 4002 lrnpavido
862 3912 943 3979 belli
963 3931 1101 4001 pectore
1120 3913 1208 3981 ferre
1229 3915 1333 3981 vices.

613 4082 808 4170 Quassalas
826 4082 967 4171 penitus
984 4083 1117 4149 circuni
1136 4105 1225 4170 quae
1241 4082 1371 4149 disiicit
1386 4105 1493 4168 arces,

656 4250 779 4319 Assilit
796 4251 926 4339 experti
946 4250 1057 4318 ferrea
1075 4253 1210 4340 grando
1229 4271 1369 4329 tnetus;

615 4421 689 4488 Nec
708 4420 806 4509 prius
826 4419 937 4487 obniti
957 4438 1080 4504 cessan
1099 4443 1208 4509 quant
1226 4421 1347 4488 militis
1365 4445 1463 4489 anna

661 4589 821 4657 Excussit
838 4589 1005 4656 inanibus
1023 4589 1145 4657 fortior
1163 4591 1261 4658 lioste
1278 4591 1398 4658 salnes.
