3928 5580
741 567 799 610 VlA
821 567 981 610 FERRATA

284 737 575 827 Collustrantque
593 739 686 805 viam
707 739 810 830 longe
828 739 1082 830 geminamque
1103 758 1260 808 rotarum

286 907 489 974 llxstantem
509 928 686 990 normam,
707 907 856 997 visuque
876 907 1045 975 animalia
1064 926 1205 977 terrent.

327 1075 509 1144 Marmore
526 1077 671 1159 caelato,
690 1075 806 1144 fabrili
827 1077 1014 1166 splendida
1036 1077 1118 1145 luxu

285 1246 345 1312 Est
360 1246 506 1327 domus,
524 1243 662 1336 igniferi
682 1244 849 1313 sublimis
866 1244 961 1335 regia
983 1246 1146 1328 monstri,

283 1414 455 1481 Advectas
472 1413 542 1481 alio
559 1435 693 1482 merces
710 1435 781 1502 qua
799 1413 957 1504 congerit
973 1413 1073 1482 orbe.

284 1580 379 1650 Huic
397 1582 545 1672 propius
562 1604 672 1672 quum
695 1582 745 1664 fit,
765 1581 872 1649 veluti
892 1600 1094 1650 remorante
1112 1581 1279 1672 capisrr0,

282 1750 425 1820 Sensim
446 1751 587 1818 animos
604 1751 718 1840 ponit,
734 1773 965 1839 crassumque
986 1751 1029 1817 ad
1049 1768 1136 1818 tecta
1155 1772 1321 1840 vaporem

283 1919 470 1987 Eiaculans
487 1921 588 1987 aulae
606 1921 771 2001 succedit,
788 1937 820 1987 et
839 1920 895 1986 hic
912 1921 1057 1987 tandem
1079 1936 1156 1986 stat.

281 2086 457 2156 Curribus
477 2105 511 2156 ar
527 2087 682 2177 populus
698 2087 854 2155 certatim
877 2087 996 2155 desilit
1014 2087 1151 2178 ingens,

283 2260 518 2348 Exundatque
539 2257 656 2324 foras:
680 2258 787 2324 modo
804 2255 864 2346 qui
884 2255 996 2346 patria
1014 2277 1096 2323 arva
1115 2255 1271 2344 reliquit,

282 2426 447 2495 lnsolitas
466 2426 569 2495 terris
587 2427 737 2517 plantas,
758 2447 849 2493 nora
867 2425 982 2492 sidera
1000 2425 1098 2491 coelo

279 2596 454 2687 Adspicit,
475 2613 509 2664 et
528 2617 647 2664 rerum
666 2612 803 2663 mutato
821 2594 966 2661 nomine
984 2611 1131 2660 mussat.

323 2769 413 2833 Aere
430 2763 562 2832 animis
578 2785 650 2852 quo
670 2761 814 2829 desistat
832 2780 910 2851 post
926 2761 1008 2829 talia
1028 2779 1153 2849 coepto

281 2933 391 3023 Iapeti
411 2933 551 3024 genus?
569 2951 627 3000 aut
645 2932 731 3022 quid
750 2953 821 2998 non
841 2929 1014 2998 industria
1032 2929 1148 2997 vincat

278 3097 549 3190 Omnipotens?
572 3098 667 3166 Fatis
685 3099 793 3166 horno
810 3098 881 3165 iant
899 3095 1109 3165 melioribus
1129 3119 1236 3164 ausus

278 3266 451 3335 Titanum
468 3289 637 3335 renovare
656 3266 766 3349 nefas,
787 3266 971 3335 temeravit
987 3264 1202 3356 Olympum,

279 3436 510 3527 Confectique
532 3436 601 3504 situ
621 3435 716 3503 lovis
731 3435 908 3503 exitiabile
928 3435 1047 3503 dextra

280 3605 421 3696 Eripuit
437 3604 569 3696 fulgur,
588 3603 669 3672 ferri
688 3605 783 3695 quod
802 3603 951 3672 stamine
970 3620 1104 3670 rectum

279 3775 447 3843 Protinus
468 3775 580 3864 ipsius
597 3791 712 3865 portet
732 3773 897 3841 mandata
916 3793 978 3861 per
995 3771 1130 3840 orbem.

280 3946 354 4013 Nec
370 3966 533 4013 successu
552 3945 645 4012 idern
663 3943 823 4011 tumidus
840 3941 918 4024 tibi,
943 3939 1102 4023 Phoebe,
1121 3938 1276 4028 pepercit
1294 3962 1304 4017 ·,

278 4114 425 4182 Artibus
442 4112 569 4182 Aeaeis
588 4135 671 4180 nam
689 4129 735 4195 re,
754 4109 1007 4202 pulcherrime,
1028 4109 1127 4176 coelo

281 4284 384 4351 Elicit
403 4302 436 4350 et
454 4283 561 4351 radiis
578 4283 698 4349 divina
716 4281 829 4349 fronte
847 4279 996 4347 revulsis

278 4454 448 4521 Mortales
470 4451 567 4520 iubet
584 4450 641 4519 ille
659 4473 743 4518 suos
760 4448 922 4539 effingere
943 4446 1074 4526 vultus,

276 4629 430 4692 Aeterna
453 4639 490 4689 ut
507 4620 597 4711 parti
615 4635 783 4709 superent
803 4633 1036 4684 monumenta
1057 4613 1243 4702 triumphi.

1276 4735 1294 4782 4
