3928 5580
497 539 537 603 28
907 553 1023 598 ruera
1048 552 1267 598 ronnurnun

497 729 651 812 imbelli,
670 727 750 796 facit
768 727 942 817 ingluvies
961 747 1203 815 numerusque
1221 725 1412 806 timendas,

495 906 612 988 Atque
631 898 690 965 ubi
707 896 779 964 fors
796 896 866 986 egit
883 897 1068 984 decerpere
1089 894 1230 984 pabula,
1251 917 1313 962 nec
1331 894 1429 962 frons

493 1066 694 1135 Arboribus
715 1082 868 1154 superat,
885 1086 1012 1153 campo
1035 1085 1150 1151 neque
1168 1063 1339 1154 graminis
1358 1063 1486 1130 herba:

497 1237 577 1303 Non
600 1234 713 1317 aliter,
736 1255 862 1301 vacuas
881 1232 940 1300 ubi
961 1231 1208 1300 defensoribus
1229 1233 1334 1300 urbes

495 1405 688 1487 Intravere,
706 1404 834 1470 domus
853 1401 916 1484 ilfi,
934 1401 1098 1485 sacraria,
1117 1401 1242 1468 fiscum

496 1572 626 1642 Intenti
646 1574 796 1662 praedae
817 1572 934 1640 studio
952 1570 1165 1660 rapiuntque
1186 1569 1383 1660 feruntque.

495 1741 657 1830 Denique
676 1762 738 1830 per
756 1740 904 1822 medios,
926 1740 1024 1807 nullo
1046 1739 1274 1828 impediente,
1293 1739 1458 1807 tribunus

494 1911 664 1999 Egressus
683 1907 820 1998 vigiles,
841 1908 996 1976 mediam
1016 1907 1160 1975 metitur
1177 1925 1295 1997 aperte

495 2076 646 2159 lrafiam,
666 2099 728 2143 sua
746 2094 857 2144 eastra
876 2093 1010 2166 petens.
1031 2076 1090 2147 Sic
1107 2077 1227 2145 omnia
1247 2095 1431 2166 postquam

495 2245 679 2335 Digessere
696 2245 803 2312 duces
822 2244 933 2334 regni,
952 2268 1013 2312 ceu
1035 2246 1129 2312 nuffa
1148 2245 1356 2313 frementem

492 2413 624 2483 Sistere
646 2414 699 2481 vis
716 2413 827 2503 possit
845 2412 1000 2494 turbam,
1020 2437 1082 2480 sua
1102 2436 1247 2482 munera
1267 2415 1343 2483 laeti

495 2581 657 2664 Eiurant,
676 2580 915 2670 fraudumque
935 2599 1058 2671 parant
1076 2583 1234 2650 mercede
1253 2583 1371 2672 potiri.

492 2749 564 2820 Sed
583 2772 653 2817 non
673 2749 907 2841 magnanimi,
927 2773 1046 2818 rerum
1064 2751 1269 2819 discrimine
1288 2769 1397 2834 tantO,

491 2919 597 2986 Mens
615 2919 747 2986 deiecta
767 2919 836 2985 Pii.
857 2918 950 2990 Sunt
968 2919 1033 3009 ipsi
1053 2921 1095 2988 ad
1115 2921 1248 3010 proelia
1266 2921 1357 2988 vires

494 3086 663 3177 Exiguae,
681 3105 715 3155 at
732 3086 833 3155 fortis
852 3088 964 3178 pubes
982 3090 1189 3178 patiensque
1206 3091 1340 3179 pericli.

490 3256 559 3324 Cui
582 3255 687 3323 simui
706 3273 779 3323 acta
799 3256 917 3341 refert,
935 3259 1038 3325 alacri
1060 3258 1181 3346 impiet
1198 3277 1307 3326 castra
1326 3260 1479 3327 tumultu

493 3424 674 3506 Nuntius,
696 3425 816 3492 oblato
833 3426 935 3515 gestit
951 3427 1143 3494 certamine
1163 3427 1275 3509 mifeS,

490 3589 649 3679 Quoque
673 3609 771 3659 vocat
790 3593 946 3676 Mavors,
967 3594 1013 3660 ibi
1033 3617 1137 3662 cursu
1154 3595 1333 3663 ardentior
1350 3597 1473 3664 adstat.

493 3759 587 3825 Dum
609 3777 737 3828 matres
755 3761 901 3850 pavidas
919 3779 951 3829 et
969 3763 1096 3854 vulgus
1112 3763 1247 3831 inerme
1262 3765 1415 3832 latrones

487 3929 702 3997 Terrificant
720 3947 810 4011 tu10,
829 3930 1012 3999 absentem
1029 3932 1243 4000 clamoribus
1262 3934 1396 4001 hostem

492 4097 710 4185 Deposcunt,
729 4098 894 4187 ultroque
912 4100 1051 4166 animos
1068 4101 1110 4168 ad
1129 4101 1241 4169 sidera
1260 4102 1398 4170 tollunt.

489 4266 622 4332 Verum
638 4265 747 4334 aciem
769 4285 903 4335 struere
921 4285 954 4336 et
971 4272 1082 4336 crudo
1103 4271 1290 4339 decernere
1307 4270 1399 4340 ferro

492 4435 542 4503 Ut
560 4452 731 4503 monstrat
749 4435 902 4520 fortuna,
920 4439 989 4506 coit
1007 4437 1198 4506 formidine
1216 4442 1381 4530 sangui53

487 4603 586 4668 Tum
603 4602 778 4693 trepidare
798 4623 906 4689 metu,
926 4607 1063 4674 levibus
1082 4625 1155 4675 tum
1175 4609 1282 4676 fidere
1300 4609 1430 4698 plantis
1447 4636 1455 4692 ς
