3972 5654
621 599 737 645 roman
764 601 919 646 rumoris
944 601 1202 648 raanoarmtrro
1434 586 1499 670 259

363 773 527 841 Territus
544 774 701 841 exclamo
719 773 848 841 :socius
863 801 870 841 :
893 773 1013 862 «Qua
1032 774 1199 842 branchia
1217 774 1341 865 surgit,

411 967 431 1005 «
448 943 557 1010 Hunc
573 958 610 1010 tu
629 964 699 1010 non
719 942 844 1010 timida
862 943 994 1032 prende
1011 959 1162 1032 teneque
1181 966 1301 1011 manu.
1317 971 1337 1006 »

367 1111 484 1179 Pareo
501 1097 658 1178 ¹consiliis
675 1137 681 1178 :
701 1110 842 1179 animae
862 1111 1057 1200 spiramine
1078 1114 1210 1196 clauso,

414 1279 569 1370 Palpitat
589 1297 623 1348 et
640 1279 800 1369 sequitur
818 1281 934 1348 bellua
951 1299 1057 1349 tracta
1075 1303 1238 1350 manum.

366 1448 452 1532 Cui,
472 1448 578 1517 simul
598 1449 803 1517 immoritur
823 1449 932 1540 ripae,
952 1450 1156 1540 praecordia
1175 1451 1292 1519 iussus

412 1618 582 1702 Detraho‚
603 1639 758 1706 cumque
775 1617 844 1686 acri
864 1616 942 1686 felle
961 1641 1094 1708 repono
1116 1619 1223 1687 iecur.

367 1787 449 1876 Ipsa
467 1787 538 1853 sale
556 1788 726 1876 adsperso
746 1808 817 1853 non
837 1809 939 1876 parca
958 1787 1082 1855 viatica
1100 1788 1256 1878 praebet,

412 1954 540 2045 Fitque
558 1955 659 2024 cibus
677 1955 794 2038 nobis,
812 1955 868 2023 cui
888 1978 997 2046 prope
1019 1957 1147 2046 praeda
1165 1956 1227 2024 lui.

367 2124 561 2214 Progresso
578 2142 768 2192 occurrunt
788 2125 953 2192 flaventia
970 2125 1148 2193 messibus
1165 2148 1246 2194 arva

411 2291 616 2382 Sparsaque
634 2292 781 2361 vitiferis
798 2293 930 2383 oppida
948 2294 1068 2363 crebra
1087 2294 1189 2384 iugis.

367 2462 506 2530 Interea
524 2461 634 2530 miror
651 2461 818 2530 comitem
836 2479 874 2530 ut
892 2484 961 2530 non
982 2462 1098 2534 Sirius
1115 2467 1221 2532 ardor

412 2633 488 2699 Nec
504 2631 660 2698 salebrae
680 2633 818 2699 laedant
834 2633 972 2722 altaque
990 2655 1070 2700 saxa
1089 2632 1178 2711 viae,

368 2801 417 2870 Ut
436 2800 553 2867 nullos
573 2799 686 2868 alacer
703 2800 786 2868 vitet
802 2798 954 2890 fugiatve
972 2800 1122 2882 labores,

411 2973 528 3057 Atque
547 2969 600 3036 sui
616 2968 728 3036 oblito
744 2992 825 3037 cura
847 2969 892 3036 sit
908 2991 978 3037 una
998 2968 1080 3036 mei.

363 3137 461 3226 Quis
491 3139 612 3206 iuveni
630 3140 781 3206 candor!
802 3139 923 3206 doctae
941 3161 1031 3226 quae
1049 3138 1157 3228 gratia
1177 3137 1317 3227 linguae

414 3309 458 3376 Et
475 3307 628 3398 gravitas
643 3329 731 3375 cano
750 3307 804 3374 vix
824 3307 1010 3375 tribuenda
1031 3307 1130 3375 seni!

367 3478 474 3544 Nona
493 3477 590 3544 diem
609 3477 712 3544 nobis
733 3499 859 3545 aurora
878 3478 1062 3544 reduxerat
1079 3477 1229 3559 almum,

412 3645 508 3716 Urbs
527 3646 560 3713 in
583 3663 771 3735 conspectu
792 3669 901 3734 quum
924 3647 1008 3713 satis
1025 3647 1143 3735 ampla
1160 3647 1274 3713 datur.

371 3815 541 3883 Imminet
559 3815 640 3882 huic
661 3815 786 3906 ingens
804 3815 973 3882 umbroso
992 3814 1119 3882 vertice
1137 3813 1235 3882 collis
1254 3832 1261 3881 :

412 3983 591 4051 Ecbatana
610 4003 660 4052 est
678 4006 823 4066 nomen,
844 3983 954 4051 didita
972 3982 1063 4050 lama
1086 3984 1221 4073 procul.
1244 3989 1252 4026 ¹

364 4153 458 4221 Dum
479 4175 615 4237 muros,
634 4170 730 4220 aestu
748 4152 868 4220 medio
886 4154 1069 4235 suadente,
1089 4152 1266 4233 subimus

411 4320 497 4409 Qua
514 4339 630 4412 pateat
648 4321 750 4389 nobis
769 4321 905 4412 hospita
927 4344 1059 4411 quaero
1079 4322 1220 4389 domus.

428 4572 435 4602 ¹
458 4571 546 4626 Teste
560 4571 691 4626 Calmeto
702 4571 855 4624 Ecbatana
870 4570 1002 4624 eamdem
1016 4570 1116 4626 urbem
1131 4587 1192 4624 esse
1207 4571 1311 4625 lerunt.
1323 4587 1398 4641 quae
1410 4570 1496 4625 hodie

322 4677 436 4731 Tauris
452 4677 567 4734 dicitur.
589 4678 659 4732 lacer
677 4679 745 4731 haee
761 4678 795 4731 ad
814 4676 922 4731 radices
938 4677 1047 4732 montis
1065 4677 1186 4732 Oroatis
1202 4679 1242 4730 rel
1261 4677 1410 4732 llarottlis¹
