3970 5580
745 552 791 594 M)
812 551 953 596 PROCUM
975 551 1100 596 sartan

337 724 614 814 Propositumne
633 746 786 814 premes,
806 725 977 812 nulloque
999 723 1197 792 moveberis
1214 726 1318 791 astu?

337 893 490 960 Immitis
507 911 540 960 te
557 892 649 960 fama
671 911 790 960 manet
807 915 1009 981 nomenque
1027 892 1180 982 tyranni.

380 1063 468 1130 Ecce
486 1061 583 1152 vagis
602 1062 728 1130 urbem
746 1063 870 1130 lustrat
886 1062 1108 1131 discursibus
1127 1063 1237 1151 Aegle

336 1233 461 1300 Dotem
484 1230 606 1298 induta
624 1253 738 1298 suam.
759 1230 866 1318 Quae
884 1249 978 1298 tanta
997 1229 1135 1320 negotia
1154 1231 1295 1320 quaeris

334 1398 530 1470 Sollicitam
550 1399 734 1488 exagitent.
754 1399 849 1469 Audi
873 1399 1055 1489 risumque
1074 1416 1202 1468 tenetO.

335 1568 502 1635 lnveutos
521 1569 602 1636 here
622 1567 737 1657 prima
754 1567 852 1657 cupit
875 1567 1032 1658 proferre
1052 1585 1207 1657 paratus,

335 1737 528 1806 Daedaleas
546 1755 671 1819 vestes,
689 1737 849 1826 peplum,
869 1736 1089 1818 redimicula,
1108 1737 1231 1805 baccas

334 1909 608 1995 Exstructaeque
627 1927 749 1972 comae
768 1926 836 1972 non
856 1905 1052 1972 enarrabile
1073 1924 1220 1988 textum,

333 2074 603 2163 lmmodicoque
623 2096 661 2141 ea
679 2075 766 2140 dum
785 2073 859 2162 figit
877 2073 1022 2164 vestigia
1040 2074 1123 2157 ta10‚

333 2243 544 2334 Duplicibus
562 2243 655 2310 iures
673 2243 887 2332 pendentem
906 2242 1068 2310 insistere
1086 2242 1218 2330 grallis.

331 2411 391 2483 Sic
408 2412 532 2502 longas
549 2411 629 2479 terit
647 2433 758 2500 usque
777 2409 864 2494 vias,
883 2427 987 2499 atque
1006 2411 1272 2479 intereundum

333 2580 489 2670 Respicit
506 2603 549 2647 an
572 2599 663 2648 recte
684 2597 817 2647 tumeat
835 2579 901 2646 sibi
920 2579 1053 2648 sericus
1070 2602 1178 2670 agger

331 2748 406 2820 Sub
425 2751 543 2832 dorso,
562 2749 733 2839 tingitque
752 2747 852 2816 sinus
871 2748 1071 2837 iterumque
1089 2749 1241 2839 refingit,

333 2918 625 3008 Hylonomesque
643 2915 748 2985 refert
765 2917 906 2985 habitus
925 2934 957 2985 et
974 2917 1094 2984 sessile
1116 2936 1266 3008 tergum.

330 3085 364 3156 O
383 3086 519 3154 varium
537 3108 648 3176 genus
665 3103 699 3154 et
716 3102 940 3175 praepostera
962 3086 997 3153 in
1016 3085 1138 3153 omnia
1159 3108 1313 3175 pronum
1334 3090 1340 3151 l

331 3255 394 3322 Illa
412 3256 533 3323 eadem
552 3255 607 3321 cui
627 3254 707 3344 plus
724 3253 839 3342 campi
859 3256 966 3321 modo
983 3254 1097 3344 cyclus
1114 3254 1236 3322 obibat

330 3422 452 3511 Quam
471 3422 592 3490 castris
611 3445 733 3512 regum
751 3422 915 3505 tentoria,
933 3422 960 3489 si
980 3423 1073 3489 volet
1093 3445 1190 3504 usus,

327 3592 395 3658 Vix
413 3590 540 3680 poterit
558 3590 647 3658 bene
664 3589 821 3680 captivos
838 3591 1026 3658 extendere
1043 3613 1196 3681 gressus,

329 3760 433 3828 Veste
451 3777 588 3828 arcente
606 3760 734 3849 pedes;
755 3760 848 3827 nodo
864 3777 939 3827 tum
958 3759 1085 3826 tortilis
1102 3759 1221 3827 omnis

329 3927 494 3999 Solvetur
510 3950 611 3996 coma
633 3928 842 4019 Gorgoneas
859 3928 992 3996 imitata
1010 3927 1186 3995 colubras.

329 4095 568 4186 Spectandum
588 4097 647 4164 sed
665 4097 760 4164 enim
781 4114 968 4186 postquam
985 4119 1021 4163 se
1039 4095 1201 4186 praebuit
1219 4096 1313 4178 urbi,

330 4265 470 4355 Papilio
488 4265 613 4355 positis
634 4266 716 4334 laris
734 4266 769 4333 in
787 4265 1027 4355 penetralibus
1045 4265 1124 4346 alis,

331 4433 386 4501 Fit
402 4433 557 4502 bruchus
578 4434 757 4523 squalens,
776 4433 886 4524 digito
904 4457 1010 4523 quem
1028 4450 1169 4524 tangere
1189 4433 1292 4501 nolis.

330 4601 519 4670 Munditiis
539 4602 609 4669 iam
626 4603 746 4670 nullus
764 4603 902 4691 honos;
921 4601 1020 4669 foeda
1039 4602 1159 4670 omnia
1176 4603 1309 4670 circum
