3928 5580
823 565 955 612 uanum

293 743 433 832 Cuique
451 742 558 824 nitor,
578 741 704 824 moles,
723 740 889 832 gravitas,
909 739 966 807 ille
984 739 1105 808 omnia
1124 738 1234 811 novit.

292 917 552 1000 Astrorumque
569 911 744 978 elementa
763 909 861 978 iubet
878 908 1075 998 profiterier
1094 908 1180 976 lrint

296 1079 448 1148 Lumine
466 1096 613 1169 septeno
631 1105 638 1146 :
660 1096 759 1168 paret
773 1077 1025 1157 Thaumantis,
1043 1095 1076 1146 et
1094 1078 1185 1145 ultro

295 1247 504 1337 inscriptam
523 1246 633 1336 signis
652 1263 817 1336 properat
835 1247 1068 1334 praetendere
1089 1246 1229 1334 pallam.

291 1415 406 1504 Quid,
430 1418 525 1504 quod
544 1435 576 1484 et
593 1433 666 1484 arte
685 1437 789 1497 nova,
808 1436 916 1504 quam
937 1415 1107 1483 daedalus
1127 1415 1202 1504 ipsc
1221 1434 1378 1504 repertor

293 1585 449 1664 Extudit,
469 1585 653 1653 instabiles
673 1601 795 1652 ventos
814 1584 1034 1672 nebulasque
1055 1583 1194 1673 subegit

289 1754 448 1822 Annales
467 1775 630 1842 perarate
647 1775 740 1820 suos.
764 1752 954 1840 Quantum
975 1753 1130 1820 hauserit
1147 1774 1206 1819 aer

292 1921 467 1988 Humoris
485 1921 629 1988 bibulus
649 1921 786 2009 linquet
803 1919 899 2002 hinc,
918 1937 1164 2009 quantumque
1182 1921 1320 1997 caloris,

291 2091 431 2180 Perque
452 2091 583 2181 gradus
603 2090 741 2179 quoties
759 2115 820 2158 sua
839 2093 996 2180 pondera
1014 2107 1127 2158 mutet
1145 2091 1178 2158 in
1203 2093 1318 2172 horas,

292 2260 396 2330 Unde
415 2281 536 2327 recens
552 2259 673 2349 spiret,
696 2281 768 2350 quo
786 2283 821 2328 se
838 2260 925 2328 ferat
945 2259 1074 2350 impete
1092 2261 1205 2328 flatus.

290 2430 457 2518 Dumque
475 2452 557 2497 suas
574 2429 768 2519 graphium
786 2447 902 2519 partes
919 2429 1007 2514 obit,
1027 2449 1101 2498 acta
1119 2431 1284 2520 magister

290 2597 425 2688 Digcrit
444 2597 479 2664 in
501 2621 693 2666 numerum
712 2616 744 2666 et
761 2598 848 2666 coeli
867 2597 1042 2667 tabularia
1060 2618 1185 2666 servat.

290 2767 480 2855 Nusquam
499 2765 584 2834 alibi
603 2784 674 2834 tam
691 2766 798 2856 digna
816 2768 883 2835 fide
900 2784 1132 2835 monumenta
1152 2767 1268 2836 videre
1287 2787 1338 2836 est
1355 2792 1364 2856 ;

288 2933 436 3024 Quippe
452 2934 547 3003 haud
567 2935 708 3003 mentiri
726 2935 862 3017 didicit,
881 2935 1042 3026 contagia
1061 2937 1213 3004 necdum

287 3103 443 3171 Telluris
460 3103 570 3170 sensit
589 3104 724 3172 mediae
742 3104 973 3172 circumfluus
991 3106 1122 3173 aether.

332 3269 366 3340 O
383 3289 475 3338 certe
492 3273 615 3339 dextro
631 3272 691 3361 qui
711 3271 824 3339 sidere
843 3271 966 3339 limina
986 3271 1075 3340 vitae

290 3439 487 3528 Ingressus,
506 3439 706 3507 venerande
722 3462 841 3522 senex,
859 3440 1018 3529 Italoque
1037 3440 1188 3531 refulges

290 3607 368 3696 lpse
386 3607 469 3695 polo
486 3607 598 3691 sidus,
619 3627 750 3676 metam
767 3609 829 3676 tibi
850 3609 1002 3697 proferat
1020 3609 1095 3677 aevi

287 3779 548 3864 Astrorumque
568 3775 828 3865 hominumque
846 3781 962 3845 sator!
987 3776 1152 3845 Mirabile
1174 3779 1297 3847 mundi

287 3945 342 4010 Tu
362 3966 444 4012 vero
466 3968 509 4013 ne
529 3947 681 4035 pandere
699 3968 802 4035 opus,
822 3947 985 4015 rttottalia
1004 3969 1091 4016 neve

286 4112 441 4180 Artificis
459 4114 590 4181 summi
609 4114 737 4182 desiste
757 4113 944 4184 incendere
962 4137 1083 4183 amore

288 4281 447 4350 Pectora.
470 4284 563 4350 Dum
585 4283 752 4372 loqueris,
773 4283 876 4351 nobis
893 4283 1070 4353 terrestria
1089 4287 1232 4352 sordent

286 4453 457 4518 Actutum
476 4449 583 4535 bona,
598 4452 635 4519 fit
653 4451 742 4518 votis
758 4451 941 4542 angustior
957 4451 1065 4520 orbis.

289 4617 469 4687 Nimirum
488 4641 613 4687 sumus
630 4619 788 4688 aetherio
809 4621 893 4709 quia
909 4620 1045 4689 semine
1063 4620 1160 4698 creti,
