3936 5578
1005 505 1159 550 lUDlTlill

629 679 773 770 Colligit
795 679 940 746 hostiles
958 679 1105 768 direptis
1124 678 1283 768 undique
1303 678 1425 746 castris

585 850 739 918 Exuvias
759 849 889 917 victor:
911 849 1065 938 spatium
1083 847 1199 938 campi
1219 865 1368 937 occupat
1388 849 1512 938 ingens

586 1019 699 1107 Inque
717 1017 813 1085 diem
831 1018 953 1086 crescit
970 1017 1170 1085 cumulatae
1188 1016 1289 1106 copia
1306 1039 1420 1106 gazae.

586 1186 777 1276 Spectandi
796 1187 925 1255 excitae
943 1187 1062 1254 studio
1081 1205 1280 1276 matresque
1297 1209 1481 1275 nurusque

584 1360 849 1444 Approperant‚
867 1355 1033 1442 cultoque
1055 1355 1150 1420 locos
1166 1353 1327 1421 examine
1346 1354 1537 1443 complent.

588 1524 742 1592 Barbara
761 1540 851 1591 texta
869 1522 966 1591 iuvat
982 1522 1092 1613 digito
1114 1539 1295 1590 attrectare
1316 1524 1441 1612 peri10‚

589 1693 633 1762 Et
650 1715 719 1760 non
740 1693 808 1761 iam
829 1693 1018 1760 metuenda
1038 1692 1160 1760 volunt
1177 1692 1382 1782 contingere
1398 1692 1477 1759 tela,

589 1863 688 1930 Haec
705 1884 827 1929 arcum
846 1861 973 1930 frustra
992 1861 1134 1928 sinuare
1156 1860 1304 1936 laborat,
1323 1878 1357 1928 at
1375 1860 1432 1927 illa

589 2031 749 2121 imponit
766 2032 903 2121 galeam
920 2030 1024 2120 capiti
1048 2030 1241 2118 cristasque
1258 2048 1451 2109 comantes,

591 2202 633 2267 Et
651 2199 717 2266 sibi
737 2221 801 2287 pro
819 2198 962 2288 speculo
977 2197 1088 2288 clypei
1112 2197 1271 2266 subridet
1290 2198 1324 2265 in
1342 2219 1432 2265 aere.

591 2368 679 2435 Inde
697 2368 951 2457 triumphalem
970 2369 1104 2434 ducunt
1121 2367 1163 2434 ad
1186 2366 1326 2434 moenia
1346 2389 1512 2456 pompam

588 2537 769 2626 Tempora
788 2536 1006 2625 praecinctae
1026 2558 1123 2603 ramo
1141 2536 1272 2626 pacalis
1290 2537 1413 2604 olivae.

591 2705 678 2772 Pars
695 2705 848 2772 citharas
867 2705 1008 2794 pulsam
1025 2705 1077 2771 vel
1096 2704 1236 2772 tinnula
1255 2705 1414 2795 cymbala
1434 2704 1561 2796 palmis

592 2873 632 2939 ln
657 2895 847 2941 numerum
867 2873 1019 2941 feriunt:
1042 2874 1171 2940 velatas
1188 2872 1375 2941 frondibus
1393 2874 1510 2940 hastas

594 3043 681 3111 Pars
700 3042 833 3133 agitant
851 3042 1039 3110 manibus:
1060 3042 1169 3109 vocali
1185 3043 1343 3111 carmine
1361 3061 1507 3110 cunctae

591 3213 658 3292 Te,
682 3173 837 3293 luditha‚
855 3227 1004 3299 tuasque
1023 3209 1138 3278 ferunt
1156 3212 1200 3277 ad
1221 3211 1335 3278 sidera
1354 3211 1488 3292 laudes,

593 3378 850 3467 Auxiliumque
867 3401 972 3446 suum
993 3379 1290 3467 servatricemque
1308 3379 1483 3448 salutant:

591 3553 699 3628 Arva,
718 3547 844 3614 domos
863 3547 939 3628 uni,
958 3547 1146 3637 templum,
1166 3548 1357 3630 connubia,
1378 3567 1477 3616 natos

595 3716 819 3804 Infixumque
841 3715 962 3782 animo
982 3715 1156 3804 quidquid
1175 3718 1303 3784 debere
1328 3717 1493 3785 fatentur.

595 3884 729 3952 Praeda
749 3884 855 3951 simul
877 3885 1028 3952 trahitur
1047 3885 1158 3974 captis
1177 3887 1397 3976 atriplissima
1416 3887 1542 3968 bobus,

594 4052 777 4142 Imprimis
801 4053 1007 4121 Holofernis
1024 4077 1122 4143 opes,
1143 4055 1325 4122 stridentia
1343 4075 1485 4124 centum

594 4219 697 4308 Quas
716 4221 771 4288 vix
789 4221 944 4310 plaustra
967 4223 1110 4304 vehunt,
1133 4223 1267 4311 argenti
1287 4225 1427 4312 pondus
1445 4241 1477 4291 et
1494 4224 1571 4291 auri

596 4390 832 4472 Immensum,
850 4390 979 4480 Tyriae
997 4409 1121 4472 vestes,
1143 4391 1293 4480 pretiosa
1312 4391 1481 4481 supellex,

596 4559 737 4626 Balteus
755 4581 793 4626 ac
814 4558 921 4626 variis
939 4560 1110 4628 radiantia
1128 4559 1275 4648 cingula
1295 4559 1402 4626 bullis
