3970 5580
833 513 990 559 SUSANNA

321 686 398 775 Qui
416 686 483 754 sibi
501 687 653 754 confisos
671 709 742 754 non
764 709 825 776 spe
843 687 1006 755 deturbat
1024 686 1060 754 in
1078 707 1218 754 aevum.

323 855 418 944 Quis
437 855 595 924 Domino
613 855 765 924 similis?
787 857 984 924 Terrarum
1002 878 1043 922 en
1063 857 1173 923 ardua
1192 854 1345 938 fumant,

321 1023 360 1094 Si
378 1024 490 1115 tetigit
506 1025 640 1092 dextra.
660 1026 776 1092 Vento
791 1047 901 1114 super
917 1046 1069 1114 aequora
1090 1042 1209 1092 vectus

324 1192 436 1282 Erigit
454 1193 482 1259 is
499 1192 640 1276 fluctus,
658 1210 954 1282 tempestatesque
972 1211 1122 1276 serenat,

323 1361 428 1430 Ducit
445 1362 488 1429 ad
506 1360 662 1429 infernas
680 1363 780 1429 sedes
797 1379 902 1451 atque
924 1362 1004 1430 inde
1023 1361 1169 1430 reducit.

322 1531 397 1614 llle,
417 1529 506 1598 milti
525 1552 637 1619 quum
657 1530 728 1597 iam
752 1530 823 1598 iam
841 1531 933 1598 oculi
950 1531 1016 1599 sub
1034 1548 1147 1599 morte
1161 1548 1335 1614 natarent,

321 1698 454 1766 Deflexi
475 1701 647 1789 quoniam
667 1717 760 1768 recto
784 1722 854 1767 non
877 1699 1017 1768 tramite
1032 1723 1188 1790 gressus,

318 1866 444 1936 Audiit
460 1884 636 1952 orantem,
655 1890 784 1957 meque
807 1868 942 1937 irretire
960 1885 1124 1958 parantes

320 2037 487 2125 lpsorum
506 2035 682 2126 implicuit
700 2037 848 2126 laqueis,
868 2037 1057 2126 hostesque
1080 2036 1253 2126 superbos

319 2205 394 2274 Ceu
414 2205 518 2291 figuli
537 2204 703 2273 contrivit
720 2228 823 2296 opus.
846 2205 1040 2273 Praeconia
1058 2205 1206 2273 laudum

319 2371 425 2459 Quae
446 2371 509 2440 tibi
530 2373 634 2461 plena
654 2371 739 2440 satis
754 2394 893 2462 sperem
914 2373 1112 2462 persolvere
1130 2389 1249 2455 cantu,

319 2539 574 2630 Omnipotens,
595 2541 698 2609 cuius
716 2560 877 2608 sanctum
895 2560 928 2608 et
945 2541 1108 2609 mirabile
1125 2545 1279 2609 nomen!

320 2711 418 2777 Haec
437 2731 601 2778 resonare
620 2711 688 2778 tuis
710 2731 918 2799 quanquam
937 2710 1012 2777 loca
1029 2709 1195 2777 laudibus
1212 2731 1367 2799 aequum
1386 2726 1451 2792 est,

319 2878 415 2945 Tum
434 2878 562 2945 melius
584 2878 747 2968 psallam,
763 2899 936 2944 converso
954 2877 1103 2945 numine
1120 2877 1239 2945 dexter

319 3044 448 3133 Quum
465 3045 567 3113 dabis
584 3045 767 3113 exsulibus
788 3047 887 3113 sedes
905 3068 1062 3114 remeare
1080 3063 1257 3136 paternas,

317 3213 566 3304 Antiquasque
587 3215 716 3282 domos
737 3236 949 3303 sacrumque
966 3214 1117 3282 revisere
1134 3214 1275 3298 collem,

319 3383 394 3449 Nec
410 3381 472 3450 tibi
492 3384 534 3450 de
552 3383 681 3452 nostris
699 3382 856 3450 sordebit
875 3381 1015 3451 victima
1036 3382 1157 3472 septis.
1178 3406 1194 3447 s
