3936 5578
822 578 915 622 Lrtrn
1393 560 1454 623 225

368 747 526 815 Multum
545 748 670 816 habeat
687 750 857 838 quamvis
875 751 1004 819 solium
1023 751 1176 820 sublime
1194 751 1343 834 decoris,

414 916 477 983 Est
496 915 633 1006 insigne
652 917 768 1008 magis
788 917 837 984 sic
854 919 1020 986 cecidisse
1038 919 1156 987 decus.

372 1084 496 1173 Regna
515 1102 611 1153 tenet
629 1085 758 1154 victor:
778 1105 895 1154 teneat
912 1087 1004 1170 licet,
1022 1105 1175 1155 attamen
1195 1111 1322 1172 unum,

414 1253 539 1323 Cetera
567 1254 626 1343 qui
648 1255 765 1344 rapuit
785 1279 855 1323 non
875 1257 1033 1346 rapuisse
1055 1257 1159 1325 dolet.

370 1423 479 1504 Laus,
502 1423 530 1488 F
534 1423 703 1506 rancisce‚
723 1425 787 1493 tibi
807 1444 967 1514 superest
984 1426 1220 1515 pulcherrima
1240 1449 1378 1517 regum,

415 1593 511 1659 Dum
533 1609 632 1659 vetus
650 1592 685 1659 in
705 1593 827 1682 populi
846 1596 951 1662 corde
969 1612 1140 1684 perennat
1157 1616 1268 1663 amor.

370 1760 422 1826 Te
444 1778 503 1827 tua
519 1761 746 1850 Parthenope
765 1763 863 1829 vultu
883 1781 1062 1831 moerente
1081 1763 1242 1852 requirit,

418 1928 497 1997 Uda
515 1951 636 2019 genas,
655 1929 799 2019 glaucos
816 1931 985 1999 dilaniata
1003 1931 1129 2012 sinus;

370 2097 414 2164 Et
433 2115 570 2186 captam
597 2100 709 2166 durus
726 2098 843 2167 valida
861 2099 927 2167 nisi
946 2103 1115 2190 compede
1132 2117 1249 2168 custos

414 2271 555 2352 Arcem,
577 2267 653 2358 ipsa
673 2269 736 2337 tibi
757 2270 899 2337 moenia
920 2271 1053 2359 pandat
1071 2291 1194 2337 ovans.

368 2433 479 2522 Quod
498 2454 592 2526 pote,
612 2455 691 2505 vota
708 2437 804 2522 facit,
825 2438 999 2528 sortisque
1013 2439 1173 2506 levamen
1191 2437 1351 2528 iniquae,

415 2605 567 2675 Condita
585 2627 715 2675 secreta
737 2608 808 2675 lilia
828 2629 945 2677 mente
961 2609 1052 2676 colit.

370 2773 522 2858 Salvere,
541 2775 652 2843 eversi
671 2798 751 2864 spes
768 2799 789 2843 o
805 2776 976 2844 fidissima
994 2777 1112 2860 saecli,

414 2944 660 3012 Borbonidum
682 2944 785 3012 flores
805 2946 1124 3035 Borbonidumque
1142 2947 1272 3014 domus
1293 2973 1300 3013 :

369 3111 537 3196 Ingentes
558 3112 687 3180 salvete
708 3112 787 3196 viri,
806 3114 873 3181 sub
891 3115 1038 3182 luminis
1056 3115 1141 3194 oris,

413 3280 519 3368 Quos
536 3281 603 3348 sibi
621 3283 783 3349 seductos
800 3283 906 3372 plebe
932 3283 1080 3352 sacravit
1098 3285 1235 3352 Honor.

368 3450 474 3518 Macti
496 3451 648 3518 animis!
669 3451 753 3519 satis
770 3471 874 3540 atque
893 3474 1000 3542 super
1018 3475 1087 3520 non
1107 3471 1221 3521 vestra
1237 3453 1355 3521 luistis

413 3619 598 3689 Crimina:
622 3619 692 3687 iam
709 3620 786 3687 coeii
805 3622 1011 3689 detumuere
1030 3620 1161 3688 minae.

369 3790 568 3878 Respexere
586 3790 664 3878 pios
685 3791 827 3857 tandem
847 3790 903 3879 pia
923 3790 1072 3858 numina
1094 3812 1213 3858 mores
1233 3817 1240 3856 :

417 3961 460 4028 Et
476 3958 608 4049 patriae
627 3978 659 4027 et
677 3960 778 4027 vobis
795 3960 938 4028 mollior
958 3962 1043 4028 hora
1061 3961 1168 4028 venit.

370 4129 459 4198 Lilia
477 4131 673 4219 deposcunt
689 4147 809 4219 gentes
830 4129 897 4197 sibi
915 4152 1075 4218 quaeque
1094 4129 1236 4210 latinae,

415 4298 573 4366 Iustitiae
594 4317 626 4366 et
645 4299 747 4366 Pacis
765 4299 864 4389 signa
881 4298 999 4367 futura
1017 4298 1130 4366 bonae
1149 4322 1158 4387 3

370 4467 460 4536 Lilia
478 4467 513 4535 in
533 4469 684 4536 adventu
704 4487 898 4536 nascuntur
918 4468 1072 4557 plurima
1092 4486 1218 4550 vestm,

414 4636 645 4726 Splendidior
666 4637 766 4705 vobis
788 4640 881 4706 unde
899 4637 1105 4726 triumphus
1135 4655 1206 4705 eat.
1262 4727 1291 4775 ·5
