3936 5578
534 1041 757 1155 lUDAS
797 1040 1271 1154 MACHABAEUS
1326 1147 1329 1154 ,

354 1773 483 1839 Vatum
504 1771 592 1840 alios
610 1789 811 1839 commenta
829 1771 953 1839 iuvent
969 1770 1132 1860 risusque
1150 1771 1324 1860 salesque,

353 1945 446 2008 Ante
467 1962 581 2007 annos
598 1939 730 2030 quibus
749 1939 881 2008 indulsi
902 1965 911 2020 ς
934 1939 1108 2007 subeunte
1126 1957 1265 2006 senecta

354 2106 566 2196 Quamlibet
584 2107 785 2178 invalidum
807 2108 1038 2198 placidaeque
1055 2109 1185 2199 quietis
1205 2127 1384 2176 amantem

354 2275 531 2347 Sollicitas
551 2299 608 2345 me
626 2253 778 2345 Iudaeae
800 2298 896 2346 sacra
915 2277 1020 2345 Musa
1038 2299 1101 2366 per
1118 2300 1199 2345 oras

356 2445 534 2513 lllecebris
552 2454 665 2534 raptat
681 2446 798 2529 castis,
821 2446 1060 2514 Machabaeus
1079 2445 1139 2514 ubi
1158 2467 1250 2529 acer,

353 2613 480 2681 Invicti
504 2614 609 2682 ludas
627 2614 845 2684 Mathathiae
862 2615 969 2706 digna
988 2635 1162 2704 propagO‚

352 2788 463 2851 Arma
481 2782 594 2871 quatit
610 2781 715 2866 iusta,
733 2799 766 2850 et
787 2783 938 2873 patriam
959 2783 1208 2873 templumque
1225 2801 1353 2851 tuetur.

354 2950 435 3041 Ipsa
453 2951 542 3019 mihi
561 2967 691 3041 perstet
709 2973 843 3035 comes,
862 2952 1088 3041 adspiretque
1106 2952 1244 3019 canenti

355 3119 521 3210 Ingentes
541 3120 696 3204 animos,
714 3121 837 3212 quales
855 3119 1011 3210 ingentia
1030 3137 1182 3210 poscunt

355 3287 461 3354 Facta
478 3287 578 3356 ducis
595 3289 681 3356 tanti
699 3306 733 3356 et
751 3289 926 3357 victurum
946 3288 1085 3357 saecula
1103 3310 1247 3356 nomen.

401 3456 576 3524 Romanis
593 3457 754 3546 patribus
776 3457 989 3546 iampridem
1004 3457 1153 3525 traditus
1169 3456 1274 3524 obses

357 3623 509 3692 Delicias
528 3624 647 3692 Latiae
666 3625 868 3694 Demetrius
887 3626 1008 3693 oderat
1026 3624 1136 3706 urbis,

355 3793 438 3860 Non
459 3792 582 3883 Syriae
600 3793 744 3876 altricis,
762 3816 833 3862 non
852 3793 972 3862 divitis
993 3793 1184 3862 immemor
1201 3793 1315 3876 aulae,

355 3962 487 4030 Hausit
504 3961 564 4031 ubi
583 3963 712 4046 lucem,
730 3963 982 4054 decimamque
1003 3962 1157 4032 adolevit
1174 3962 1209 4030 in
1230 3984 1377 4031 annum.

355 4131 495 4199 Extorri
514 4149 594 4198 ante
611 4132 732 4200 oculos
749 4132 806 4200 illa
824 4134 1033 4201 obversatur
1050 4132 1192 4222 opimae

355 4299 443 4366 Pars
459 4298 565 4367 Asiae
582 4299 732 4390 genitori
754 4300 839 4368 olint
859 4323 1019 4391 possessa
1041 4301 1203 4385 Seleuco,

352 4465 473 4555 Quam
495 4490 647 4557 proavus
665 4469 808 4537 sortitus
825 4488 913 4553 erat,
935 4492 1049 4560 quum
1070 4469 1211 4538 subdita
1230 4470 1296 4537 late

354 4636 507 4727 Magnus
524 4637 725 4707 Alexander
742 4660 849 4729 regna
866 4639 1061 4730 assignaret
1078 4638 1217 4722 amicis,
