3970 5580
753 593 800 637 AD
821 592 962 638 PROCUlll
984 592 1108 636 SATIRA

346 765 484 857 Ingenii
505 767 589 833 haec
607 765 737 833 famant
756 765 883 855 placidi
902 765 1070 854 mitisque
1089 783 1217 846 tuetur,

346 937 390 1003 Et
412 957 482 1003 non
503 934 706 1022 irnrnerito;
730 956 851 1002 verunt
871 951 923 1001 est
939 934 1040 1023 opica
1058 951 1096 1001 ut
1114 934 1203 1001 nihil
1222 951 1329 1002 exstet

348 1104 539 1186 Putidius·,
558 1126 647 1193 quae
665 1104 692 1170 si
710 1103 791 1170 totis
812 1103 874 1170 tibi
895 1102 1032 1170 lucibus
1048 1125 1151 1170 aures

343 1273 536 1343 Obtuderit
554 1273 743 1355 blaterans,
765 1295 881 1340 sermo
903 1295 1013 1362 prope
1032 1273 1153 1341 recidit
1172 1272 1267 1353 illuc,

343 1443 479 1530 Quanti
502 1443 581 1510 olus
598 1461 630 1510 et
648 1442 752 1531 piscis
769 1441 891 1530 quanti
911 1459 969 1509 aut
988 1441 1117 1531 gallina
1139 1460 1293 1530 paretur,

343 1612 449 1699 Quae
470 1611 601 1701 quibus
618 1610 775 1678 altilibus
794 1610 910 1678 veniat
928 1610 1042 1700 magis
1062 1627 1141 1699 apta
1159 1610 1293 1700 sagina.

390 1782 441 1848 En
461 1780 523 1848 tibi
546 1802 639 1847 nunc
658 1779 787 1846 rnentis
804 1801 893 1868 quae
914 1779 1020 1868 pollet
1038 1779 1200 1846 acumine
1218 1778 1369 1869 Phyllis,

345 1949 604 2038 Doctrinaeque
623 1948 707 2016 viris
725 1948 852 2037 poterit
869 1949 1083 2015 contendere
1102 1949 1227 2028 laude,

346 2119 522 2186 Historias
540 2140 578 2185 ea
597 2119 729 2207 quippe
748 2135 868 2207 putres
888 2135 921 2184 et
939 2117 1066 2206 scripta
1084 2117 1280 2206 sophorum

344 2287 551 2368 perdidicit,
570 2305 753 2375 terraeque
772 2287 892 2376 plagas
909 2286 1069 2375 coelique
1087 2304 1222 2352 meatus
1238 2311 1246 2366 3

346 2459 377 2524 N
384 2475 574 2546 aturaeque
592 2456 698 2524 etiam
718 2456 810 2545 leges
828 2473 931 2544 atque
949 2455 1066 2522 abdita
1085 2476 1204 2522 rerunt

347 2626 498 2716 Eloquio
517 2627 550 2693 in
571 2627 683 2694 lucent
704 2625 834 2715 profert
852 2643 1016 2692 torrente.
1036 2625 1137 2712 Quid
1156 2625 1247 2691 ultra
1266 2626 1276 2690 ἓ

346 2796 538 2878 Declamat,
558 2795 675 2884 psallit
692 2794 884 2884 scribitque
902 2794 1036 2884 poetria
1057 2815 1178 2860 versus

344 2966 426 3032 Non
446 2966 533 3032 adeo
552 2964 648 3030 viles.
671 2963 758 3030 llilri
779 2985 861 3031 vero
879 2963 1044 3044 edissere,
1065 2963 1179 3042 sodes,

344 3133 480 3202 Onrnia
498 3151 547 3201 tot
563 3133 690 3200 studiis
706 3131 841 3200 dederit
858 3154 969 3221 quurn
989 3150 1162 3221 tempora,
1185 3131 1329 3221 quando

346 3305 482 3370 Ducere
503 3324 604 3368 acum
622 3301 757 3382 didicit,
777 3324 841 3390 pro
859 3324 895 3368 re
913 3303 1101 3369 decernere
1122 3318 1300 3387 sumptus,

344 3471 483 3539 Bubula
502 3489 704 3560 quopac10‚
725 3491 864 3551 vervex,
883 3491 1030 3537 anserve
1048 3485 1233 3559 coquatur,

346 3641 388 3708 Et
409 3663 500 3730 quae
519 3657 696 3729 praeterea
716 3661 873 3707 nuruum
896 3638 1077 3727 provincia
1096 3637 1219 3726 poscit.

343 3810 444 3876 Adde
463 3809 588 3877 rudent
608 3809 674 3875 sibi
697 3811 791 3898 quod
811 3826 953 3897 spernet
970 3827 1041 3874 tarn
1059 3808 1158 3875 docta
1177 3805 1358 3888 maritum,

344 3979 387 4045 Et
405 3995 520 4066 partes
539 3977 632 4044 nolet
650 3977 738 4044 ferre
756 3977 942 4045 ambitiosa
964 3979 1149 4045 secundas.

342 4145 413 4214 Odi
435 4169 525 4236 quae
548 4145 701 4213 nitniurn
721 4146 878 4235 sapiunt,
898 4145 1080 4234 leviusque
1100 4145 1238 4211 videtur

343 4314 442 4384 Scire
461 4313 564 4394 nibil,
582 4335 690 4403 quarn
713 4313 760 4381 nil
780 4335 850 4380 non
870 4313 970 4395 scire,
991 4313 1025 4380 in
1047 4311 1182 4402 virgine
1200 4312 1345 4380 crimen.

390 4484 491 4551 Fulta
509 4484 598 4550 latus
616 4485 765 4572 sponda,
786 4502 923 4550 noctern
945 4483 1057 4550 furata
1075 4482 1207 4571 sopori,

347 4651 489 4722 Secreto
509 4652 623 4720 Petale
643 4651 773 4720 librunr
792 4653 888 4743 legit,
908 4652 1014 4742 inque
1033 4653 1181 4743 legendo
