3942 5592
509 560 567 622 170
912 560 1016 604 tt'ons
1041 561 1264 606 interimus

546 735 677 801 Levato
696 733 890 802 radiantem
912 756 1001 802 auro
1018 734 1105 801 mihi
1125 734 1268 801 tradidit
1284 755 1418 801 ensem.

592 903 775 972 Continuo
792 925 958 971 excussus
976 925 1082 993 sopor
1100 922 1173 992 est3
1196 922 1230 970 at
1249 925 1399 971 munera
1419 905 1507 972 vatis

545 1072 658 1161 Quod
675 1073 903 1140 contrectanti
924 1095 986 1162 per
1001 1073 1139 1141 somnia
1156 1096 1309 1141 crescere
1327 1074 1457 1144 visunt.

547 1243 630 1310 Non
649 1260 767 1308 mente
783 1241 915 1309 effluxit
936 1241 1033 1333 vigili
1054 1265 1124 1309 non
1143 1265 1288 1331 corpore
1306 1243 1427 1310 robur.

545 1410 605 1482 Sic
621 1410 734 1478 fausta
751 1411 981 1500 omnipotens
1001 1411 1103 1480 nobis
1125 1429 1222 1500 pater
1239 1411 1360 1478 omina
1381 1413 1512 1489 firmat,

549 1581 591 1648 Et
609 1580 731 1648 multis
747 1579 952 1648 dubitamus
970 1581 1086 1648 adhuc
1103 1603 1311 1649 concurrere
1332 1581 1432 1670 pauci
1450 1583 1461 1647 i

547 1749 647 1837 Quin
670 1748 697 1815 si
716 1749 771 1816 cui
796 1771 886 1816 nova
905 1768 1013 1838 nupta
1030 1749 1126 1816 domi
1145 1749 1267 1816 vitisve
1285 1750 1445 1832 serenda,

546 1917 716 1985 Protinus
733 1917 907 2000 abscedat,
926 1941 1050 2008 segnes
1068 1939 1111 1986 ne
1129 1935 1267 2008 pectore
1284 1940 1385 1985 curas

546 2087 640 2155 Dum
663 2085 768 2168 fovet,
788 2087 991 2176 invitusque
1013 2085 1108 2154 subit
1124 2085 1331 2153 discrimina
1350 2085 1446 2166 betti,

543 2256 675 2324 Tristia
692 2256 846 2324 desidiae
864 2255 967 2324 sociis
981 2257 1140 2344 exempla
1158 2256 1343 2324 ministret.

544 2428 591 2492 At
608 2446 684 2506 vos,
701 2447 722 2491 o
739 2424 813 2492 lecti
833 2425 994 2508 comites,
1012 2443 1167 2514 spectata
1186 2425 1325 2514 periclis

546 2593 597 2661 Mi
613 2615 768 2682 quorum
786 2615 826 2660 ex
847 2594 953 2682 longo
974 2593 1086 2682 patuit
1101 2593 1282 2683 virtusque
1300 2595 1472 2683 fidesque,

543 2763 699 2831 nudenti
719 2763 889 2829 instantes
907 2761 1121 2851 praesumite
1140 2781 1278 2852 pectore
1300 2784 1414 2842 casus,

544 2931 735 2998 Mansurae
753 2953 927 2999 memores
945 2931 1076 3020 patriae
1096 2931 1255 3021 vitaeque
1274 2931 1456 3020 perennis,

543 3097 693 3166 Vincere
711 3098 811 3188 queis
829 3099 958 3188 pariter
976 3100 1087 3166 letove
1108 3101 1316 3168 occumbere
1337 3099 1488 3167 lucrum.

544 3269 599 3336 Ne
622 3286 739 3335 tamen
760 3269 852 3335 haud
871 3286 1005 3335 constet
1024 3291 1096 3357 quo
1114 3268 1226 3336 simus
1244 3268 1370 3335 robore
1387 3267 1481 3348 freti,

543 3436 618 3526 Qui
638 3436 703 3505 fuit
720 3455 813 3519 ante,
834 3438 928 3504 Deus
947 3438 1050 3505 nobis
1067 3439 1110 3505 sit
1130 3456 1259 3505 tessera
1274 3437 1405 3505 Victor.
1427 3463 1446 3502 ›>

544 3607 702 3674 Desierat
721 3633 728 3672 :
751 3606 964 3696 fremituque
983 3606 1047 3674 viri
1066 3608 1263 3696 plausuque
1280 3624 1491 3694 sequuntur,

542 3775 793 3864 Victoremque
814 3777 928 3843 Deum
952 3775 1077 3843 studiis
1094 3775 1331 3844 concordibus
1348 3793 1460 3842 orant.

588 3945 676 4012 Ecce
695 3944 783 4012 redit
801 3946 969 4034 vestigato
987 3945 1185 4033 speculator
1202 3945 1245 4011 ab
1265 3946 1363 4011 hoste

544 4113 710 4196 Eminus‚
728 4114 960 4203 oppositaque
980 4113 1083 4181 refert
1099 4113 1282 4182 considete
1304 4115 1405 4195 valle,

544 4283 618 4349 Nec
636 4281 787 4350 dubium
807 4282 887 4372 iuga
904 4283 990 4371 quin
1010 4283 1118 4350 medii
1138 4285 1384 4351 transcendere
1404 4283 1538 4351 montis

542 4449 693 4538 Cogitet,
712 4468 816 4540 atque
834 4449 934 4518 illum
953 4472 1071 4518 coram
1089 4451 1146 4518 lux
1166 4450 1325 4539 proxima
1343 4449 1452 4517 sistat.

544 4618 716 4686 Praevius
737 4618 873 4687 induxit
890 4620 987 4686 coelo
1005 4641 1114 4706 quum
1138 4619 1250 4687 sidera
1273 4621 1418 4708 Vesper,
