3970 5580
484 482 541 546 106
887 501 933 544 an
954 499 1092 544 PPOCUM
1113 499 1238 544 sarran

480 675 553 742 Nec
572 673 698 740 melius
719 692 818 740 natae
841 673 968 740 mulier
985 672 1047 740 tibi
1068 674 1146 739 lena
1165 691 1318 740 vocetur.

478 842 574 910 Picta
595 865 703 932 genas
719 841 845 924 minio,
865 860 998 909 curtata
1021 861 1113 908 veste
1132 863 1300 930 superne,

479 1012 549 1080 Pro
565 1010 677 1078 forma
695 1012 825 1101 gaudet
846 1009 980 1077 formae
998 1028 1172 1077 ostentare
1190 1009 1310 1076 ruinas

479 1181 522 1247 Et
541 1201 686 1267 campos
705 1179 763 1246 ubi
781 1179 890 1246 Troia
911 1178 988 1246 luit.
1011 1178 1224 1246 Melioribus
1239 1177 1343 1244 annis

477 1348 560 1416 lura
580 1348 684 1415 dabat
702 1347 836 1438 regina,
856 1348 973 1415 virum
994 1347 1146 1437 stipante
1162 1369 1304 1428 corona,

477 1517 582 1606 Quos
602 1517 727 1606 inopes
747 1515 857 1584 animi
877 1515 982 1583 facies
999 1516 1183 1583 muliebris
1200 1515 1330 1597 adurit,

477 1683 757 1772 Subiectumque
775 1704 917 1774 gregem
936 1701 1023 1751 nutu
1046 1681 1237 1772 imperiosa
1257 1682 1409 1771 regebat.

478 1853 584 1920 Nunc
601 1875 743 1942 quoque
762 1852 894 1920 natales
912 1869 1100 1941 postquam
1122 1872 1193 1918 non
1215 1868 1396 1939 computat
1413 1850 1519 1933 ultra,

446 2040 450 2048 ’
475 2020 507 2085 Τ
510 2018 669 2107 urbaque
690 2017 829 2109 diffugit
846 2018 1035 2099 cultorum,
1057 2037 1263 2086 nontamen
1285 2016 1368 2085 artis

477 2186 674 2254 Immemor
691 2185 749 2254 illa
767 2209 850 2254 suae
868 2185 1069 2254 iuveniliter
1087 2209 1199 2275 usque
1218 2185 1366 2267 renidet,

477 2356 755 2447 Compositoque
773 2357 881 2438 dolet,
899 2357 1044 2444 quosvis
1062 2357 1155 2423 bona
1173 2377 1313 2423 sumere
1331 2354 1461 2422 vultus.

475 2525 577 2613 Quin
596 2544 629 2593 et
646 2528 791 2594 desueto
809 2525 997 2593 suffuderit
1013 2547 1073 2592 ore
1092 2526 1274 2608 ruborem,

473 2693 622 2762 Attritae
641 2693 707 2761 nisi
726 2695 834 2761 densa
854 2711 968 2762 vetent
985 2693 1129 2761 tectoria
1145 2694 1280 2762 frontis.

473 2865 597 2932 Cetera
614 2884 705 2951 quae
723 2862 852 2952 rapuit,
872 2863 1045 2930 rationem
1065 2863 1160 2930 haud
1181 2862 1295 2930 attulit
1312 2880 1420 2944 aetas,

475 3033 568 3098 Dum
587 3053 684 3097 seros
704 3031 769 3098 sub
789 3030 916 3098 canitie
934 3031 1125 3099 meditatur
1145 3053 1296 3098 amores.

475 3201 528 3267 En
546 3222 637 3288 quae
659 3200 835 3289 virgineos
853 3222 978 3267 sensus
996 3199 1160 3268 infundat
1179 3202 1359 3282 alumnae,

474 3368 726 3458 Exemplisque
744 3369 906 3437 animum
925 3388 1097 3437 monstret
1114 3392 1252 3438 servare
1273 3369 1444 3458 pudicum
1462 3374 1468 3435 l

473 3538 554 3606 Vin'
572 3540 808 3606 accedamus?
831 3557 946 3628 partes
968 3562 1004 3606 se
1022 3557 1131 3607 vertet
1149 3539 1183 3606 in
1203 3560 1329 3606 omnes

473 3706 624 3788 Callida,
646 3705 791 3774 filiolam
810 3706 872 3774 tibi
891 3706 918 3773 si
939 3730 1009 3796 qua
1031 3708 1220 3774 obtrudere
1236 3706 1358 3796 possit.

473 3875 594 3963 Quam
617 3876 720 3958 bene,
745 3875 938 3965 Pomponi,
956 3876 1018 3944 tibi
1042 3876 1106 3944 etit
1123 3877 1149 3943 si
1169 3876 1319 3966 coniuge
1338 3877 1396 3944 tali

473 4046 517 4112 Et
534 4045 592 4112 tali
612 4044 745 4134 potiere
764 4050 888 4112 socru!
910 4047 1081 4112 Vetulane
1103 4046 1240 4114 videtur

471 4211 631 4302 Turpius
649 4214 712 4280 hac
732 4213 955 4302 quidquam?
976 4215 1092 4282 Nemo
1110 4215 1167 4303 pol
1188 4237 1258 4281 non
1279 4233 1409 4301 neget3
1428 4215 1524 4303 atqui

474 4381 637 4451 Deterius
657 4383 760 4450 datur
776 4400 808 4450 et
826 4383 938 4473 magis
955 4383 1165 4451 exsecrabile
1185 4401 1398 4452 monstrum.

474 4549 658 4618 Nimirum
676 4551 837 4620 exhibeat
854 4552 995 4641 qualem
1014 4576 1048 4619 se
1066 4575 1208 4640 cunque
1230 4571 1425 4643 parentem,
