3928 5580
607 539 833 586 Ronasoauat
861 541 986 585 Falerna
1011 542 1187 587 OCTOBRES

419 713 584 795 indutus,
603 712 725 802 rigidis
747 714 900 782 lustrans
917 715 1112 804 peronibus
1132 715 1281 798 Urbem,

420 882 581 950 Invisum
601 881 749 972 Superis
768 905 829 950 nec
851 905 920 950 non
942 884 1152 952 mortalibus
1172 907 1284 974 usque

421 1050 571 1121 Utribus
592 1051 788 1119 horrisonis
806 1073 948 1140 promes
964 1053 1040 1120 sine
1060 1053 1205 1120 nomine
1225 1076 1366 1122 carmen
1382 1057 1392 1121 i

418 1219 561 1290 Gratior
578 1244 598 1288 ο
616 1240 750 1310 quanto
769 1220 856 1287 milri
879 1222 1052 1289 trossulus
1068 1222 1124 1290 ille
1143 1223 1324 1290 madentes

420 1391 500 1457 Huc
519 1389 601 1456 illuc
624 1389 739 1456 media
757 1407 921 1479 comptus
938 1391 1070 1458 cervice
1088 1391 1248 1480 capillos,

421 1558 553 1628 Ultima
572 1577 752 1626 cesserunt
769 1559 871 1626 cuius
890 1559 996 1627 modo
1012 1559 1137 1628 frivola
1160 1583 1280 1650 verpo.

420 1727 535 1794 Pexus
552 1727 583 1794 ei
601 1727 730 1804 cultus,
752 1769 794 1778 -
812 1728 839 1794 si
860 1728 937 1796 trita
958 1728 1143 1812 subucula,
1164 1729 1249 1818 quid
1268 1732 1371 1798 tumi
1390 1771 1432 1781 -

420 1897 693 1986 latrantemque
712 1918 826 1964 novus
843 1899 902 1965 dat
920 1920 1060 1986 pascere
1078 1897 1230 1966 creditor
1250 1899 1383 1966 alvum.

419 2065 514 2133 Huic
536 2064 561 2132 it
578 2087 707 2154 sponsa
724 2087 843 2132 comes
862 2085 959 2134 vasto
977 2084 1073 2154 septa
1092 2089 1216 2157 aggere
1235 2067 1336 2149 telae,

417 2233 522 2322 Quae
540 2234 699 2320 chalybis
716 2235 867 2302 distenta
889 2235 976 2324 riget
992 2253 1135 2303 centum
1155 2235 1303 2303 orbibus
1321 2235 1435 2304 intus:

418 2401 536 2473 Serica
556 2425 648 2492 pone
670 2403 783 2471 fluens
802 2403 908 2471 verrit
930 2404 1073 2494 vestigia
1091 2405 1217 2495 cycla5‚

416 2577 532 2660 Atque
554 2590 628 2638 ater
647 2571 807 2661 sequitur
827 2573 1023 2662 glomerato
1041 2575 1185 2662 pulvere
1204 2572 1349 2640 nimbus
1368 2579 1390 2640 ¹.

418 2741 498 2808 Heu
518 2763 626 2829 quam
645 2741 749 2832 longa
769 2742 911 2809 brevem
931 2742 1071 2830 pariunt
1089 2741 1220 2809 ieiunia
1242 2743 1379 2822 luxum,

418 2910 536 2997 thue
556 2910 652 2977 iuvat
669 2911 770 2978 solita
789 2910 895 2978 semel
914 2910 1102 2977 excessisse
1122 2911 1262 2999 polenta
1282 2915 1288 2977 !

461 3077 537 3149 Sub
554 3079 613 3147 dio
632 3079 764 3168 positae
784 3098 875 3146 recto
893 3097 985 3146 stant
1002 3078 1128 3147 ordine
1146 3101 1301 3161 mensae,

418 3249 710 3337 Exhaustumque
730 3247 784 3314 via
806 3249 954 3316 suadent
972 3269 1140 3316 renovare
1160 3247 1330 3338 vigorem.

416 3417 569 3488 Scamna
591 3418 695 3484 rudes
715 3416 818 3484 nodis
835 3416 975 3483 tabulae
993 3416 1166 3505 sellasque
1187 3416 1373 3484 columnae

417 3584 604 3656 Sufficiunt
621 3603 780 3666 truncae,
804 3584 929 3652 veteris
947 3585 1093 3674 vestigia
1112 3584 1198 3666 fani,

417 3757 615 3845 Degeneres
634 3778 718 3822 usus
738 3755 814 3822 licet
832 3753 1039 3844 indignante
1059 3755 1173 3823 ruina.

417 3923 558 3991 Laetior
574 3923 691 3991 evadit
709 3923 892 3990 volucrum
913 3942 1107 3990 concentus
1129 3923 1163 3989 in
1183 3945 1300 4005 auras,

416 4091 614 4181 Relliquias
634 4092 719 4160 dum
739 4113 900 4181 quaeque
918 4091 984 4158 sibi
1008 4091 1182 4180 promittit
1201 4091 1363 4181 opimas;

416 4260 563 4350 lamque
582 4260 747 4349 frequens
766 4260 855 4327 inter
872 4281 1015 4327 mensas
1032 4260 1174 4350 delapsa
1192 4259 1356 4328 columba

415 4509 424 4540 ¹
444 4509 567 4564 Carmen
583 4510 638 4564 hoc
653 4509 794 4579 scriptum
810 4507 864 4563 suit
879 4525 941 4579 quo
956 4521 1085 4580 tempore
1101 4507 1251 4563 muliebris
1264 4507 1309 4562 ille
1324 4521 1480 4579 apparatus

307 4635 420 4705 vigebat
434 4650 522 4704 quem
540 4635 628 4703 vulgo
644 4633 794 4688 crinoline
810 4646 997 4704 nuncupant.
