3970 5580
302 1049 663 1162 AFRICANA
703 1052 1044 1164 SERVlTUS
1082 1052 1475 1160 ABOLENDA

300 1756 518 1845 Aethiopum
541 1755 748 1845 lustratqua
765 1757 814 1824 sol
835 1754 1028 1824 altissimus
1046 1777 1140 1831 arva,

300 1925 416 1995 inlicit
433 1945 465 1995 et
485 1927 640 2014 nigranti
661 1927 847 1995 hominum
866 1925 1014 2017 fuligine
1035 1949 1178 2015 corpus,

302 2097 408 2163 Nunc
424 2096 484 2164 ubi
503 2096 683 2165 desertum
701 2118 827 2164 nemus
844 2113 878 2163 et
894 2096 968 2162 loca
987 2095 1061 2162 sola
1079 2095 1228 2162 videres

299 2265 409 2333 Vicus
426 2283 499 2333 erat
517 2287 631 2354 nuper
647 2265 745 2332 silvis
766 2284 943 2354 protectus
960 2265 1093 2354 opacis,

302 2435 345 2502 Et
361 2433 489 2501 celebri
508 2432 646 2500 stabant
666 2431 822 2501 habitata
840 2431 994 2522 mapalia
1013 2431 1128 2500 turba.

302 2604 409 2670 Mane
428 2624 520 2670 novo
538 2603 666 2670 exierat
684 2603 810 2671 studiis
828 2602 962 2671 intenta
981 2602 1121 2672 diurnis

301 2770 460 2838 Mascula
476 2769 686 2860 progenies:
707 2769 816 2836 veloci
837 2769 1006 2836 instructa
1024 2768 1147 2858 sagitta

303 2937 390 3006 Pars
407 2936 542 3023 agitare
560 2935 651 3004 seras
668 2936 848 3025 laqueisve
871 2936 1047 3005 innectere
1064 2938 1235 3023 gaudent.

298 3109 429 3172 Verum
449 3105 592 3193 elephas
607 3104 635 3171 si
653 3103 742 3172 forte
758 3127 845 3171 cavo
861 3105 1028 3195 deceptus
1045 3122 1169 3194 operto

301 3273 429 3341 lncidit
450 3272 484 3339 in
503 3271 654 3355 foveam,
674 3273 751 3340 telis
769 3272 851 3341 huic
868 3275 1021 3363 desuper
1041 3273 1187 3354 instant,

301 3444 476 3532 Degravat
493 3441 646 3510 exanimi
665 3444 778 3510 donec
795 3442 861 3510 sub
878 3444 1033 3532 pondere
1051 3459 1192 3511 terram.

301 3610 396 3679 Hinc
413 3611 598 3702 geminum
618 3611 773 3678 innocuo
791 3627 924 3678 certant
944 3611 1150 3678 abscindere
1168 3612 1325 3693 dentem,

299 3779 574 3869 Succeduntque
591 3780 704 3862 oneri,
723 3780 794 3847 lare
810 3779 906 3867 quod
923 3779 1069 3845 custode
1088 3777 1154 3845 sub
1172 3776 1249 3865 ipso

299 3947 488 4017 Defodiant
505 3947 540 4015 in
559 3967 659 4037 spem
679 3946 778 4014 lucri.
803 3945 890 4013 Pars
908 3943 1022 4012 amnis
1039 3946 1083 4012 ad
1103 3945 1234 4012 undam

302 4117 478 4204 lnhsidiosa
495 4116 638 4184 trahunt
655 4115 778 4182 avidos
796 4115 831 4182 in
850 4113 934 4182 retia
956 4113 1082 4203 pisces,

301 4281 457 4350 Pomave
474 4283 680 4372 decerpunt,
701 4283 800 4351 nullo
818 4283 1046 4371 impendente
1064 4282 1235 4365 laborem,

298 4450 435 4539 Sponte
453 4473 515 4519 sua
533 4451 666 4539 passim
684 4473 774 4540 quae
793 4451 858 4519 lert
874 4451 1053 4519 uberrima
1071 4451 1186 4519 tellus.

297 4624 416 4688 Aurea
433 4621 635 4712 suggeritur
653 4623 768 4710 palma
785 4640 925 4707 caryota
945 4621 1114 4704 comanti,
