3942 5592
497 512 553 576 rba
903 529 1007 573 ruuxs
1032 527 1256 572 nxcrrxsmus

537 705 611 771 Nec
628 721 765 770 tantum
785 702 886 770 liceat
903 720 978 769 tuto
999 719 1227 769 contemnere
1247 704 1403 768 nomen!

536 872 613 940 Iam
631 873 702 963 regi
722 895 844 961 parere
859 872 970 954 nefas,
990 872 1061 939 iam
1079 871 1171 961 regis
1190 871 1345 938 amicum

539 1044 624 1111 Esse
643 1059 744 1110 nocet
763 1067 769 1108 :
789 1042 916 1110 colitur
933 1041 1029 1109 solus
1046 1064 1111 1130 pro
1129 1063 1209 1130 rege
1229 1040 1383 1129 Moyses.

537 1213 622 1280 Mox
643 1234 800 1300 quoque,
823 1210 1093 1300 quamprimum
1117 1209 1184 1276 nisi
1203 1209 1350 1298 provida
1368 1229 1451 1275 cura
1469 1207 1618 1285 resistat,

540 1381 712 1453 Successu
731 1381 889 1448 tumidus
907 1379 1063 1447 dominis
1081 1379 1215 1446 bellum
1234 1376 1360 1445 inferet
1377 1377 1482 1458 ultr0,

541 1552 586 1619 Et
602 1550 725 1636 Syrios
744 1549 861 1617 subito
878 1547 1036 1616 turbabit
1054 1548 1166 1615 Marte
1185 1565 1342 1636 penates.

583 1720 731 1787 Talibus
751 1718 879 1787 immiti
903 1736 939 1785 ut
958 1715 1124 1784 violentia
1142 1734 1237 1783 mota
1254 1734 1418 1804 tyrannm

539 1895 655 1978 Atque
674 1889 745 1956 irae
763 1889 870 1956 timor
890 1886 1045 1966 accessit,
1063 1886 1279 1953 contundere
1299 1885 1426 1975 vulgus

542 2057 761 2126 Indomitum
781 2057 914 2138 statuit,
935 2055 1118 2145 penitusve
1137 2054 1339 2122 exscindere
1356 2053 1460 2121 ferro.

544 2227 705 2296 Bellandi
726 2225 855 2316 legitur
872 2243 976 2293 notus
998 2224 1156 2294 Nicanor
1173 2224 1217 2290 ab
1234 2242 1318 2305 arte,

541 2397 605 2464 Vir
624 2395 785 2476 Maced0‚
804 2393 968 2484 Solymas
987 2393 1047 2481 qui
1068 2392 1203 2460 viribus
1220 2408 1366 2481 occupet
1385 2414 1478 2474 oras,

544 2567 587 2634 Et
604 2566 692 2633 duce
711 2563 850 2631 sublato
871 2563 994 2630 turbae
1011 2562 1068 2629 det
1084 2561 1160 2628 iura
1181 2560 1354 2628 trementi.

544 2733 652 2801 Haud
670 2753 782 2813 mora,
801 2747 911 2798 castra
930 2747 1049 2796 movet
1065 2729 1195 2810 iussus,
1214 2750 1277 2794 nec
1299 2727 1431 2794 tardior
1449 2727 1508 2793 illo

545 2903 730 2992 Dispersus
751 2917 889 2968 revocat
911 2900 1017 2968 ludas
1035 2901 1077 2967 ad
1096 2898 1196 2990 signa
1213 2900 1386 2966 cohortes.

545 3072 593 3140 Ut
611 3092 693 3138 vero
711 3090 895 3158 sumpsere
913 3068 1003 3135 acies
1021 3066 1213 3134 tentamina
1236 3065 1331 3144 belli,

541 3239 714 3327 Victaque
730 3258 903 3305 concursu
919 3236 1036 3326 primo
1051 3235 1239 3305 Nicanoris
1255 3256 1366 3318 arma,

545 3410 651 3478 Nunc
669 3409 796 3476 iterum
814 3404 914 3474 ducis
931 3405 1069 3473 adversi
1087 3404 1173 3493 quid
1190 3405 1329 3472 dextera
1348 3423 1465 3492 posset

545 3578 719 3667 Expertus
738 3598 807 3644 non
826 3575 898 3643 iam
915 3573 1135 3642 committere
1153 3573 1287 3662 proelia
1307 3591 1417 3652 curat,

543 3747 660 3814 Triste
679 3745 763 3835 petit
782 3744 916 3812 bellurn
933 3743 1114 3832 componi,
1134 3761 1166 3809 et
1184 3743 1323 3810 foedera
1345 3742 1469 3833 iungit.

542 3915 647 4003 Quin
666 3915 743 4004 ipso
761 3914 926 3981 virtutem
944 3911 1048 3980 etiarn
1066 3911 1213 3979 miratus
1232 3911 1266 3980 in
1287 3912 1386 3979 hoste

546 4084 652 4152 Haud
668 4083 769 4151 illum
788 4081 924 4150 dubitat
941 4080 1108 4169 tectisque
1128 4080 1319 4169 animoque
1336 4081 1492 4149 sodalem

543 4253 728 4342 Excipere,
747 4273 964 4340 arcanosque
982 4251 1044 4318 uni
1065 4251 1287 4318 committere
1305 4273 1430 4318 sensus
1449 4257 1468 4317 1.

607 4609 614 4642 ¹
639 4609 772 4664 Machab.
792 4609 826 4664 ΙΙ.
847 4625 885 4678 14,
902 4625 944 4678 24.
