3970 5580
495 497 537 580 qo
888 517 935 560 an
961 517 1121 561 rui-‘sueti
1148 516 1272 561 sartan

497 689 601 759 Unde
619 688 680 756 tibi
699 706 804 778 atque
823 689 901 756 aliis
918 690 1081 756 traducas
1099 689 1195 756 utilis
1212 711 1353 756 aevum.

495 857 565 928 Seu
583 874 615 924 te
634 857 688 924 ius
706 879 835 946 anceps
852 858 1000 925 delectat
1017 876 1050 924 et
1066 857 1145 924 aula
1162 858 1323 936 forensis,

494 1025 631 1116 Scripta
649 1026 844 1115 peritorum
865 1044 1041 1115 noctuque
1062 1027 1190 1116 dieque
1209 1045 1398 1095 retractans

496 1195 592 1262 Inter
609 1217 644 1262 se
661 1194 795 1276 confer,
815 1217 859 1262 ne
878 1195 953 1262 istis
972 1195 1031 1262 ubi
1054 1195 1188 1263 venerit
1206 1219 1303 1278 usus,

494 1364 526 1430 T
529 1386 546 1430 e
564 1363 657 1431 bona
678 1380 827 1453 patrono
847 1381 963 1452 pereat
981 1365 1034 1430 vel
1056 1363 1171 1431 iudice
1189 1385 1315 1450 causa3
1404 1407 1412 1420 ·

495 1531 566 1602 Seu
585 1531 646 1598 tibi
669 1533 766 1599 Mars
784 1531 948 1599 stimulos
964 1532 1065 1599 vertit
1083 1533 1149 1599 sub
1167 1532 1270 1599 corde
1289 1549 1461 1622 potentes,

495 1700 716 1790 llilitiaeque
732 1702 827 1768 sedet
845 1700 937 1769 vires
955 1700 1160 1790 impendere
1180 1702 1304 1782 iustae,

496 1869 598 1937 Disce
614 1869 701 1937 levis
718 1892 786 1958 qua
806 1870 879 1960 lege
897 1888 1003 1958 queat
1019 1869 1163 1938 victoria
1181 1870 1272 1961 cogi,

496 2040 550 2106 Ne
568 2038 784 2128 quandoque
800 2040 870 2106 tuis
887 2038 1042 2106 discedat
1058 2038 1237 2128 transfuga
1258 2040 1389 2107 castris.

494 2206 564 2277 Sed
585 2209 666 2296 quia
683 2207 877 2297 languescit
894 2207 955 2297 qui
974 2230 1113 2298 semper
1130 2208 1286 2275 tenditur
1302 2230 1417 2290 arcus,

496 2377 539 2443 Et
555 2375 714 2464 graviore
734 2374 795 2443 diu
814 2398 915 2443 mens
932 2399 1015 2444 cura
1033 2377 1175 2444 obsessa
1196 2376 1336 2456 fatiscit,

494 2543 612 2611 Pierio
629 2544 761 2611 durum
781 2545 860 2612 lusu
877 2546 990 2612 solare
1009 2545 1181 2624 laborem,

494 2711 665 2781 Dulcibus
683 2713 872 2803 indulgens
890 2715 1028 2802 Musis3
1051 2713 1285 2804 princepsque
1303 2715 1482 2784 Camenae

491 2881 545 2952 Sit
562 2881 720 2949 studium
743 2882 877 2966 Latiae,
899 2883 1001 2950 cuius
1020 2901 1057 2951 tu
1078 2906 1225 2951 munere
1247 2885 1358 2951 laetus

491 3049 625 3120 Saltem
646 3050 764 3140 aliqua
785 3052 899 3140 possis
917 3051 1032 3119 inviso
1053 3054 1218 3120 excedere
1235 3054 1359 3120 saeclo,

489 3220 586 3286 Tum
608 3219 686 3288 site
705 3238 841 3309 praeter
858 3220 1002 3286 solitum
1020 3221 1216 3308 spectacula
1236 3220 1374 3288 laedent

490 3388 680 3476 Temporis
700 3387 813 3472 istius,
833 3411 895 3456 nec
913 3389 982 3456 iam
1004 3389 1244 3479 substringere
1263 3388 1372 3456 bilem

494 3559 548 3624 lra
567 3556 671 3639 sinet,
691 3557 815 3625 vitium
834 3559 990 3626 mordaci
1011 3558 1184 3625 incessere
1203 3580 1304 3625 versu

491 3724 585 3812 Quis
603 3725 793 3814 prohibet?
813 3725 967 3796 Satiram
986 3749 1055 3794 non
1078 3745 1259 3794 aversatur
1275 3727 1419 3816 ΑροΗο,

489 3898 606 3981 Atque
628 3893 687 3960 ubi
704 3895 916 3963 convenient
933 3895 1019 3963 olim
1038 3898 1080 3963 ad
1102 3895 1294 3963 certamina
1316 3914 1423 3977 vates,

492 4064 623 4131 Forsan
643 4081 676 4130 et
694 4063 775 4131 hinc
793 4065 913 4155 cinges
936 4065 1065 4132 victrici
1085 4083 1246 4154 tempora
1268 4067 1382 4146 laum,

490 4233 521 4298 T
525 4254 541 4298 e
562 4232 725 4321 quamvis
743 4255 959 4322 operamque
977 4252 1075 4301 tuam
1095 4235 1226 4302 ridebis
1248 4235 1390 4302 inanem

490 4400 677 4490 Corrigere
696 4401 853 4469 inversos
870 4425 1055 4494 aggressus
1076 4402 1232 4472 carmine
1250 4425 1380 4472 mores,
