3928 5580
531 523 571 587 32
936 549 1052 594 aucun
1078 551 1297 596 uoueurtut

531 717 592 784 Est
608 719 762 803 admota,
780 738 918 803 tonant,
939 741 972 790 et
989 722 1070 791 ferri
1091 726 1248 813 pondera
1268 724 1302 792 in
1322 747 1438 793 arcem

530 885 708 954 Faucibus
724 887 913 957 effundunt
930 913 940 979 ;
959 891 1075 959 scissis
1093 891 1182 984 fugit
1198 893 1298 961 ocius
1315 893 1411 961 auris

527 1053 620 1122 Cum
639 1053 756 1123 sonitu
774 1055 921 1142 serrum,
942 1078 975 1127 et
993 1061 1126 1149 perlato
1144 1061 1306 1151 protinus
1327 1063 1396 1129 ictu

527 1221 687 1307 Dissilit3
710 1224 791 1293 hinc
813 1227 880 1294 leto
901 1246 1107 1298 sternuntur
1123 1253 1271 1320 corpora
1289 1230 1421 1320 passim

527 1392 804 1483 Fragminibus3
823 1413 936 1464 tantas
955 1399 1147 1467 commixto
1168 1401 1314 1490 sulpure
1334 1399 1468 1468 nitrum

526 1561 669 1630 Exercet
686 1564 776 1631 vires
794 1569 801 1632 !
822 1568 927 1656 Quae
945 1590 1056 1657 quum
1076 1568 1191 1636 subita
1210 1569 1343 1660 ingruit
1360 1569 1430 1636 arci

522 1736 746 1826 Tempestas,
764 1735 923 1825 trepidus
941 1758 990 1816 se,
1009 1758 1079 1824 qua
1097 1737 1200 1803 datur
1217 1736 1343 1818 exitus,
1363 1735 1474 1803 hostis

524 1903 694 1994 l’roripit,
713 1923 817 1993 atque
836 1905 920 1994 petit
940 1906 1062 1972 subter
1079 1905 1203 1972 tellure
1226 1905 1389 1973 latebras.

567 2073 662 2140 Dum
680 2091 797 2141 tamen
816 2073 921 2141 ablati
940 2073 1057 2142 caedis
1073 2073 1262 2141 dulcedine
1285 2072 1395 2141 nostri

522 2240 734 2310 Discurrunt
753 2239 829 2308 sine
848 2241 935 2330 lege,
950 2240 1127 2330 tubaeque
1146 2241 1265 2309 iterata
1285 2257 1446 2330 receptus

520 2411 596 2477 Vox
613 2409 741 2477 frustra
758 2409 863 2492 canit,
882 2432 959 2476 ecce
979 2432 1100 2477 recens
1118 2428 1196 2499 post
1215 2428 1314 2495 terga
1333 2407 1514 2498 maniplus

520 2580 721 2647 instaurare
738 2578 862 2658 aciem,
881 2595 914 2645 et
934 2578 1087 2646 reditum
1109 2578 1336 2668 praecludere
1354 2593 1463 2645 tentat

519 2750 651 2818 Victori
667 2773 676 2838 3
696 2751 755 2817 sed
773 2749 869 2817 enim
887 2767 986 2817 terno
1004 2749 1167 2816 distincta
1185 2749 1301 2817 colore

517 2919 628 3009 Signa
645 2935 788 2986 movent
805 2918 953 3007 pedites,
973 2917 1069 2984 misit
1085 2939 1176 3006 quos
1193 2916 1350 2985 Gallicus
1370 2916 1458 2986 Urbi

517 3088 688 3158 Subsidio
705 3089 857 3176 Caesar;
880 3087 1012 3177 subigit
1029 3109 1234 3176 procurrere
1252 3085 1363 3153 virtus

517 3257 545 3324 E
565 3255 716 3324 statione
735 3256 841 3336 viros,
861 3277 932 3322 uno
949 3255 1081 3345 quibus
1098 3277 1209 3344 usque
1228 3271 1347 3321 tenore

516 3425 674 3510 Fulgura
692 3425 813 3492 crebra
832 3445 939 3491 manu
958 3422 1143 3512 crepitant,
1164 3421 1326 3490 mirabile
1344 3421 1421 3488 visu
1440 3425 1446 3486 !

515 3594 706 3660 Exruderat
722 3593 831 3660 solers
851 3592 962 3660 alium
980 3613 1070 3680 quae
1088 3613 1201 3681 nuper
1217 3591 1250 3656 in
1275 3591 1412 3657 hostem

514 3761 635 3828 Italico
653 3760 776 3829 Gallus
794 3761 843 3827 sic
862 3760 991 3827 imbuit
1008 3781 1105 3827 arma
1127 3781 1250 3826 cruore
1272 3765 1292 3824 ¹,

513 3931 753 3997 Instrumenta
772 3930 880 4012 necis,
900 3930 1035 3997 validae
1053 3928 1248 4019 gestamina
1270 3930 1410 3996 dextrae

512 4100 592 4187 lpse
610 4098 805 4166 admiratur
824 4099 924 4166 miles
939 4123 948 4182 3
966 4116 1082 4187 stupet
1097 4098 1229 4165 inscius
1245 4097 1369 4178 bostis,

511 4271 678 4358 Dumque
696 4268 936 4350 mererentur,
956 4286 988 4335 et
1005 4290 1107 4334 caeco
1125 4269 1183 4334 dat
1201 4267 1345 4333 vulnere
1365 4265 1470 4333 vitam
1489 4289 1497 4354 3

617 4501 624 4532 ¹
647 4500 773 4570 intellige
787 4499 857 4554 illud
875 4499 992 4569 sclopeti
1015 4514 1116 4567 genus,
1139 4497 1219 4567 quod
1236 4497 1308 4550 Galli
1323 4498 1359 4551 ab
1380 4497 1539 4552 inventoris
1561 4499 1681 4552 nomine

507 4625 829 4696 clossepotappellant:
846 4623 931 4678 euius
942 4622 1019 4693 apud
1034 4623 1213 4676 Nomentum
1227 4623 1354 4692 primum
1366 4621 1527 4692 periculum
1539 4623 1679 4678 fecerunt.
