3972 5654
506 501 570 584 234
785 522 941 566 VIRGlNlS
967 522 1186 568 unruulouls
1210 523 1395 578 QUERELAE

593 695 667 764 Cur
687 714 801 763 tamen
825 695 971 764 abiicior
987 696 1131 780 misera,
1146 714 1179 763 et
1195 695 1413 763 nubentibus
1432 696 1513 780 illis,

641 864 741 933 Retia
759 865 917 933 fallentes
934 887 1092 954 aucupor
1113 887 1184 932 una
1205 866 1355 953 procos?

596 1031 732 1103 Siccine
751 1055 807 1100 me
825 1033 914 1100 iuvit
931 1033 1034 1100 toties
1052 1033 1186 1100 variare
1206 1051 1363 1123 paratus,

639 1205 755 1290 Atque
773 1201 904 1269 iacente
926 1203 1048 1290 procul
1067 1225 1204 1269 verrere
1222 1220 1315 1270 reste
1337 1203 1451 1270 solurn
1470 1204 1481 1268 ἓ

595 1370 746 1452 Siccine,
764 1393 835 1459 quo
851 1393 1012 1460 gererem
1030 1370 1201 1439 sublimes
1220 1371 1346 1438 vertice
1365 1371 1491 1450 nod0S,

639 1539 774 1629 Sponte
791 1557 882 1607 satas
899 1540 1027 1630 emptis
1046 1540 1262 1630 implicuisse
1280 1543 1425 1608 comas'?

595 1708 848 1798 Terpsichores
865 1711 954 1776 adeo
974 1708 1138 1776 didicisse
1155 1709 1249 1776 haud
1270 1708 1401 1798 profuit
1417 1727 1543 1792 artem,

640 1876 878 1966 Consonaque
895 1878 937 1945 ad
957 1877 1051 1944 vocis
1069 1878 1126 1944 fila
1141 1877 1245 1946 ferire
1265 1879 1402 1946 modos.

596 2043 711 2133 Quid,
729 2047 823 2135 quod
843 2069 946 2135 saepe
969 2046 1057 2114 mibi
1080 2047 1240 2136 linguam
1258 2047 1446 2114 cohibente
1468 2048 1620 2136 pudore,

641 2214 733 2285 Sunt
753 2237 831 2282 mea
853 2238 916 2304 pro
934 2215 1053 2304 lingua
1072 2216 1207 2284 lumina
1227 2216 1321 2283 iussa
1339 2216 1464 2305 loqui?

599 2383 642 2450 Et
659 2405 736 2450 mea
755 2406 858 2472 saepe
877 2406 1001 2473 parum
1024 2384 1122 2450 tectis
1138 2385 1318 2451 connubia
1340 2383 1456 2451 verbis

642 2553 830 2642 Proposuit
848 2553 917 2620 voti
936 2554 1074 2620 conscia
1092 2553 1179 2621 lacta
1199 2575 1338 2642 parens.

599 2721 698 2788 Num
711 2723 860 2789 surdum
876 2744 988 2812 genus
1003 2723 1068 2789 hoc
1085 2723 1240 2803 credam,
1257 2743 1345 2789 num
1362 2721 1510 2788 luminis
1526 2720 1683 2789 orbum?

641 2891 744 2959 Certe
763 2891 796 2958 in
819 2913 876 2959 me
895 2893 1006 2958 lentos
1026 2890 1182 2959 constitit
1198 2913 1273 2958 esse
1292 2890 1396 2958 viros.

600 3060 712 3128 Pruva
731 3081 844 3127 essem
862 3061 960 3141 lucie,
980 3083 1110 3150 magno
1128 3062 1188 3128 sed
1208 3059 1362 3148 praedita
1379 3081 1502 3138 censu„

641 3233 745 3296 Ascra
764 3229 880 3318 procis
901 3231 997 3296 fieret
1014 3228 1210 3317 quamlibet
1229 3228 1346 3317 ampla
1364 3228 1492 3295 domus
1510 3250 1519 3315 3

599 3399 704 3466 Nunc
721 3397 811 3466 mihi
829 3399 924 3486 quod
942 3419 1010 3463 non
1032 3397 1227 3486 praefertur
1243 3396 1359 3487 gravis
1380 3397 1498 3464 arcula
1515 3417 1682 3478 numm0‚

644 3568 783 3635 lnnuba
802 3589 978 3636 marcesco
998 3567 1236 3656 conficiorque
1254 3567 1335 3633 situ.

600 3737 704 3816 Sunt,
726 3736 892 3824 equidem
912 3736 1036 3824 prob0‚
1058 3734 1171 3802 vincla
1187 3734 1318 3822 quibus
1338 3733 1459 3801 socilia
1477 3735 1635 3812 sordent,

648 3907 690 3973 Et
707 3928 769 3972 nec
788 3905 945 3995 legitimo
964 3924 1083 3994 pectus
1103 3926 1224 3972 amore
1241 3905 1337 3971 calet.

601 4074 734 4141 Felices
751 4073 890 4141 animae
909 4074 1002 4141 bona
1023 4095 1112 4161 quae
1134 4072 1294 4141 mortalia
1312 4090 1491 4150 temnunt„

644 4241 730 4329 Quo
749 4241 814 4308 sibi
835 4241 978 4309 liberior
995 4243 1052 4309 liat
1069 4243 1111 4308 ad
1131 4260 1222 4308 astra
1241 4240 1308 4307 via.

600 4411 658 4478 Me
678 4430 800 4478 natura
821 4411 894 4477 luto
912 4410 1066 4478 nimium
1084 4433 1192 4499 quam
1210 4409 1351 4499 dispare
1370 4408 1482 4488 finxit,

646 4582 819 4668 Degravat
840 4579 1018 4645 infirmam
1041 4578 1250 4668 virginitatis
1268 4579 1394 4646 honos.
