3936 5578
503 516 562 580 ibo
908 533 1012 578 runos
1038 531 1262 577 urcitanaus

544 708 834 796 Marmoreasque
854 706 944 775 inter
960 707 1115 796 pendent
1131 706 1253 773 aulaea
1274 705 1458 773 columnas

544 876 721 944 Matribus
741 875 915 944 Hebraeis
936 875 1026 943 miro
1045 874 1189 960 vigilata
1207 875 1340 942 labore.

544 1048 591 1113 At
611 1045 717 1112 modo
736 1043 922 1134 perfectae,
941 1083 982 1092 -
1000 1040 1132 1132 priscas
1148 1043 1281 1133 quippe
1300 1042 1392 1134 ignis
1412 1042 1542 1125 adedit,
1557 1083 1602 1092 -

545 1214 662 1282 Cedro
680 1213 820 1280 halante
838 1211 930 1280 sores
950 1230 1114 1301 sectoque
1132 1211 1244 1279 nitent
1264 1211 1463 1302 elephanto.

592 1381 691 1448 luxta
709 1380 823 1449 circus
839 1397 913 1448 erat
929 1381 1018 1448 flava
1033 1399 1231 1450 constratus
1248 1403 1367 1462 arena,

547 1549 653 1620 Graia
672 1550 732 1618 ubi
753 1550 903 1620 Iudaeae
921 1549 1008 1640 pubi
1027 1550 1198 1640 permixta
1216 1551 1381 1618 iuventus

547 1720 707 1808 Corpora
727 1735 914 1788 consuerat
931 1719 1025 1787 nuda
1043 1741 1205 1786 exercere
1226 1719 1412 1808 palaestra,

548 1889 671 1976 Deque
689 1887 876 1955 inhonesta
895 1887 985 1956 inter
1001 1909 1077 1955 sese
1096 1888 1309 1956 contendere
1327 1889 1457 1978 palma.

551 2056 632 2123 Huc
649 2055 876 2123 subvertendi
895 2055 1012 2123 studio
1029 2055 1210 2123 concurrit
1227 2055 1262 2122 in
1280 2077 1393 2123 unum

548 2224 699 2314 Vulgus,
722 2241 754 2290 et
775 2223 912 2291 illatum
930 2240 1038 2291 certat
1055 2246 1236 2292 removere
1254 2225 1442 2313 pudorem.

551 2392 788 2461 Disiiciuntur
806 2393 916 2461 humo
932 2393 1034 2460 cunei
1053 2392 1285 2482 iunctumque
1306 2395 1470 2484 lupanar,

551 2560 712 2651 Exagitet
728 2560 851 2628 molles
867 2561 952 2629 dum
975 2583 1098 2629 saxeus
1116 2561 1229 2630 imber
1246 2563 1415 2652 ephebos.

552 2730 666 2798 Multa
683 2752 789 2820 super
805 2730 944 2798 stabant
961 2730 1084 2799 divum
1105 2753 1168 2819 per
1185 2731 1339 2821 compita
1358 2731 1475 2822 signa,

550 2897 656 2987 Quos
674 2898 776 2985 Syria
795 2899 970 2984 indigetes
989 2899 1104 2988 prisco
1126 2901 1169 2968 de
1191 2922 1288 2968 more
1305 2900 1455 2984 colebat,

553 3066 678 3135 Intulit
692 3085 725 3135 et
743 3090 849 3157 porro
866 3069 1021 3137 domitae
1036 3092 1126 3157 quos
1140 3068 1287 3138 Graecia
1305 3071 1413 3159 genti.

553 3237 716 3304 Alterum
737 3253 769 3304 et
790 3237 855 3304 hoc
873 3237 1013 3305 abolere
1031 3237 1127 3305 subit
1144 3237 1317 3306 sententia
1336 3239 1508 3328 probrum
1526 3263 1533 3304 :

555 3406 649 3473 Dant
667 3405 797 3494 pariter
814 3405 969 3474 subitam
992 3407 1124 3496 populo
1145 3407 1349 3497 impellente
1367 3408 1507 3477 ruinam

555 3571 724 3639 Phoebus
745 3591 777 3640 et
794 3576 946 3656 Astarte,
970 3574 1087 3657 Liber,
1107 3576 1292 3665 Cyllenius
1310 3576 1382 3643 ales

557 3740 828 3829 Indomitusque
846 3741 951 3810 simol
974 3744 1071 3811 Mars
1088 3762 1121 3811 et
1142 3745 1296 3812 formosa
1313 3747 1452 3834 puellae

558 3909 714 3976 Dercetis
730 3931 791 3977 ora
809 3933 947 4000 gerens,
967 3934 1178 4000 squamosus
1195 3931 1307 3981 cetera
1329 3913 1446 4002 piscis.

557 4079 662 4167 Quae
680 4081 787 4147 modo
808 4080 990 4150 moerebat
1006 4105 1126 4150 servae
1147 4085 1340 4171 squalentis
1359 4084 1491 4176 image,

559 4247 734 4315 Dilaniata
753 4249 853 4316 sinus
870 4249 1078 4340 foedataque
1094 4253 1238 4340 pulvere
1255 4251 1382 4335 crines,

560 4417 603 4484 Et
622 4417 746 4506 spoliis
778 4418 866 4490 Sion
886 4437 1007 4510 gentes
1025 4421 1159 4488 ditabat
1176 4444 1312 4505 avaras,

560 4587 665 4654 Nunc
682 4591 827 4657 tandem
849 4590 964 4679 posito
982 4591 1137 4660 iucunda
1157 4592 1229 4682 agit
1246 4592 1316 4660 otia
1335 4592 1441 4660 luctu.
