<?xml version="1.0" encoding="UTF-8"?>
<!DOCTYPE html PUBLIC "-//W3C//DTD XHTML 1.0 Transitional//EN"
    "http://www.w3.org/TR/xhtml1/DTD/xhtml1-transitional.dtd">
<html xmlns="http://www.w3.org/1999/xhtml" xml:lang="en" lang="en">
 <head>
  <title>
</title>
<meta http-equiv="Content-Type" content="text/html;charset=utf-8" />
  <meta name='ocr-system' content='tesseract 3.04.00' />
  <meta name='ocr-capabilities' content='ocr_page ocr_carea ocr_par ocr_line ocrx_word'/>
</head>
<body>
  <div class='ocr_page' id='page_1' title='image "./petriesseivacar00essegoog_0297.png"; bbox 0 0 3972 5654; ppageno 0'>
   <div class='ocr_carea' id='block_1_1' title="bbox 527 570 1482 637">
    <p class='ocr_par' dir='ltr' id='par_1_1' title="bbox 527 570 1482 637">
     <span class='ocr_line' id='line_1_1' title="bbox 527 570 1482 637; baseline 0.002 -23"><span class='ocrx_word' id='word_1_1' title='bbox 527 570 627 615; x_wconf 83' lang='lat' dir='ltr'>SERVI</span> <span class='ocrx_word' id='word_1_2' title='bbox 655 571 799 616; x_wconf 80' lang='lat' dir='ltr'>ELlEZER</span> <span class='ocrx_word' id='word_1_3' title='bbox 824 571 871 616; x_wconf 86' lang='grc' dir='ltr'>ΛΙ)</span> <span class='ocrx_word' id='word_1_4' title='bbox 896 571 1065 616; x_wconf 67' lang='grc' dir='ltr'>ΑΒΒΑΗᾹΜ</span> <span class='ocrx_word' id='word_1_5' title='bbox 1093 572 1258 617; x_wconf 76' lang='lat' dir='ltr'>EPISTOLA</span> <span class='ocrx_word' id='word_1_6' title='bbox 1420 574 1482 637; x_wconf 81' lang='grc'>277</span> 
     </span>
    </p>
   </div>
   <div class='ocr_carea' id='block_1_2' title="bbox 374 742 1254 1341">
    <p class='ocr_par' dir='ltr' id='par_1_2' title="bbox 374 742 1254 1341">
     <span class='ocr_line' id='line_1_2' title="bbox 374 742 1219 844; baseline 0.002 -34"><span class='ocrx_word' id='word_1_7' title='bbox 374 742 446 810; x_wconf 90' lang='lat' dir='ltr'>Hic</span> <span class='ocrx_word' id='word_1_8' title='bbox 462 742 581 810; x_wconf 89' lang='lat' dir='ltr'>senior</span> <span class='ocrx_word' id='word_1_9' title='bbox 599 742 702 809; x_wconf 90' lang='lat' dir='ltr'>nobis</span> <span class='ocrx_word' id='word_1_10' title='bbox 721 742 868 810; x_wconf 91' lang='lat' dir='ltr'>Bathuei</span> <span class='ocrx_word' id='word_1_11' title='bbox 887 765 967 811; x_wconf 90' lang='lat' dir='ltr'>cum</span> <span class='ocrx_word' id='word_1_12' title='bbox 984 743 1135 834; x_wconf 89' lang='lat' dir='ltr'>coniuge</span> <span class='ocrx_word' id='word_1_13' title='bbox 1152 745 1219 844; x_wconf 87' lang='lat' dir='ltr'>fida</span> 
     </span>
     <span class='ocr_line' id='line_1_3' title="bbox 420 911 1222 995; baseline 0.001 -14"><span class='ocrx_word' id='word_1_14' title='bbox 420 911 626 981; x_wconf 90' lang='lat' dir='ltr'>Occurrunt</span> <span class='ocrx_word' id='word_1_15' title='bbox 642 912 787 995; x_wconf 72' lang='lat' dir='ltr'>alacres,</span> <span class='ocrx_word' id='word_1_16' title='bbox 805 929 838 980; x_wconf 87' lang='lat' dir='ltr'>et</span> <span class='ocrx_word' id='word_1_17' title='bbox 856 912 947 980; x_wconf 90' lang='lat' dir='ltr'>bona</span> <span class='ocrx_word' id='word_1_18' title='bbox 967 913 1070 980; x_wconf 87' lang='lat' dir='ltr'>verba</span> <span class='ocrx_word' id='word_1_19' title='bbox 1091 913 1222 982; x_wconf 85' lang='lat' dir='ltr'>ferunt.</span> 
     </span>
     <span class='ocr_line' id='line_1_4' title="bbox 374 1081 1254 1173; baseline 0 -22"><span class='ocrx_word' id='word_1_20' title='bbox 374 1084 552 1172; x_wconf 90' lang='lat' dir='ltr'>Respectu</span> <span class='ocrx_word' id='word_1_21' title='bbox 571 1081 708 1149; x_wconf 89' lang='lat' dir='ltr'>domini</span> <span class='ocrx_word' id='word_1_22' title='bbox 730 1104 873 1150; x_wconf 88' lang='lat' dir='ltr'>servum</span> <span class='ocrx_word' id='word_1_23' title='bbox 894 1082 1088 1173; x_wconf 92' lang='lat' dir='ltr'>dignantur</span> <span class='ocrx_word' id='word_1_24' title='bbox 1109 1085 1254 1164; x_wconf 71' lang='lat' dir='ltr'>honore,</span> 
     </span>
     <span class='ocr_line' id='line_1_5' title="bbox 418 1250 1198 1341; baseline 0.001 -22"><span class='ocrx_word' id='word_1_25' title='bbox 418 1250 506 1339; x_wconf 92' lang='lat' dir='ltr'>Quo</span> <span class='ocrx_word' id='word_1_26' title='bbox 523 1251 586 1319; x_wconf 91' lang='lat' dir='ltr'>tibi</span> <span class='ocrx_word' id='word_1_27' title='bbox 603 1251 775 1319; x_wconf 91' lang='lat' dir='ltr'>maiorem</span> <span class='ocrx_word' id='word_1_28' title='bbox 795 1252 849 1319; x_wconf 88' lang='lat' dir='ltr'>vix</span> <span class='ocrx_word' id='word_1_29' title='bbox 867 1251 1035 1320; x_wconf 88' lang='lat' dir='ltr'>adhibere</span> <span class='ocrx_word' id='word_1_30' title='bbox 1055 1269 1198 1341; x_wconf 84' lang='lat' dir='ltr'><strong>queant.</strong></span> 
     </span>
    </p>
   </div>
   <div class='ocr_carea' id='block_1_3' title="bbox 371 1420 1235 1512">
    <p class='ocr_par' dir='ltr' id='par_1_3' title="bbox 371 1420 1235 1512">
     <span class='ocr_line' id='line_1_6' title="bbox 371 1420 1235 1512; baseline 0.002 -24"><span class='ocrx_word' id='word_1_31' title='bbox 371 1421 524 1489; x_wconf 80' lang='lat' dir='ltr'>Mactata</span> <span class='ocrx_word' id='word_1_32' title='bbox 543 1420 666 1512; x_wconf 87' lang='lat' dir='ltr'>pingui</span> <span class='ocrx_word' id='word_1_33' title='bbox 684 1421 770 1488; x_wconf 93' lang='lat' dir='ltr'>dum</span> <span class='ocrx_word' id='word_1_34' title='bbox 787 1442 896 1488; x_wconf 90' lang='lat' dir='ltr'>coena</span> <span class='ocrx_word' id='word_1_35' title='bbox 918 1421 1060 1489; x_wconf 84' lang='lat' dir='ltr'>bidente</span> <span class='ocrx_word' id='word_1_36' title='bbox 1078 1437 1235 1510; x_wconf 80' lang='lat' dir='ltr'>paratur,</span> 
     </span>
    </p>
   </div>
   <div class='ocr_carea' id='block_1_4' title="bbox 418 1589 1225 1680">
    <p class='ocr_par' dir='ltr' id='par_1_4' title="bbox 418 1589 1225 1680">
     <span class='ocr_line' id='line_1_7' title="bbox 418 1589 1225 1680; baseline -0.001 -23"><span class='ocrx_word' id='word_1_37' title='bbox 418 1590 477 1658; x_wconf 88' lang='lat' dir='ltr'>Me</span> <span class='ocrx_word' id='word_1_38' title='bbox 496 1591 647 1680; x_wconf 86' lang='lat' dir='ltr'>primam</span> <span class='ocrx_word' id='word_1_39' title='bbox 671 1589 820 1658; x_wconf 90' lang='lat' dir='ltr'>invitant</span> <span class='ocrx_word' id='word_1_40' title='bbox 837 1589 956 1658; x_wconf 88' lang='lat' dir='ltr'>fallere</span> <span class='ocrx_word' id='word_1_41' title='bbox 974 1612 1065 1679; x_wconf 93' lang='lat' dir='ltr'>pane</span> <span class='ocrx_word' id='word_1_42' title='bbox 1083 1589 1225 1658; x_wconf 81' lang='lat' dir='ltr'>samem.</span> 
     </span>
    </p>
   </div>
   <div class='ocr_carea' id='block_1_5' title="bbox 365 1759 1348 4559">
    <p class='ocr_par' dir='ltr' id='par_1_5' title="bbox 368 1759 1348 2019">
     <span class='ocr_line' id='line_1_8' title="bbox 368 1759 1348 1849; baseline 0.001 -22"><span class='ocrx_word' id='word_1_43' title='bbox 368 1760 489 1827; x_wconf 85' lang='lat' dir='ltr'>Tum:</span> <span class='ocrx_word' id='word_1_44' title='bbox 509 1761 595 1828; x_wconf 86' lang='lat' dir='ltr'>«Ne</span> <span class='ocrx_word' id='word_1_45' title='bbox 615 1781 704 1849; x_wconf 86' lang='lat' dir='ltr'>pane</span> <span class='ocrx_word' id='word_1_46' title='bbox 723 1759 882 1848; x_wconf 72' lang='lat' dir='ltr'>quidem,</span> <span class='ocrx_word' id='word_1_47' title='bbox 905 1759 1030 1842; x_wconf 76' lang='lat' dir='ltr'>retem,</span> <span class='ocrx_word' id='word_1_48' title='bbox 1049 1759 1181 1829; x_wconf 88' lang='lat' dir='ltr'>ieiunia</span> <span class='ocrx_word' id='word_1_49' title='bbox 1199 1760 1348 1844; x_wconf 85' lang='lat' dir='ltr'>solvam,</span> 
     </span>
     <span class='ocr_line' id='line_1_9' title="bbox 417 1929 1193 2019; baseline -0.008 -21"><span class='ocrx_word' id='word_1_50' title='bbox 417 1931 535 1998; x_wconf 86' lang='lat' dir='ltr'>Pauca</span> <span class='ocrx_word' id='word_1_51' title='bbox 554 1930 654 2019; x_wconf 84' lang='lat' dir='ltr'>prius</span> <span class='ocrx_word' id='word_1_52' title='bbox 672 1929 740 1998; x_wconf 92' lang='lat' dir='ltr'>nisi</span> <span class='ocrx_word' id='word_1_53' title='bbox 758 1929 786 1996; x_wconf 84' lang='lat' dir='ltr'>si</span> <span class='ocrx_word' id='word_1_54' title='bbox 807 1929 911 1998; x_wconf 87' lang='lat' dir='ltr'>verba</span> <span class='ocrx_word' id='word_1_55' title='bbox 930 1930 1067 1998; x_wconf 89' lang='lat' dir='ltr'>locutus</span> <span class='ocrx_word' id='word_1_56' title='bbox 1084 1952 1157 1998; x_wconf 87' lang='lat' dir='ltr'>ero.</span> <span class='ocrx_word' id='word_1_57' title='bbox 1173 1957 1193 1992; x_wconf 91' lang='lat'>»</span> 
     </span>
    </p>

    <p class='ocr_par' dir='ltr' id='par_1_6' title="bbox 366 2098 1264 2361">
     <span class='ocr_line' id='line_1_10' title="bbox 366 2098 1264 2189; baseline -0.003 -20"><span class='ocrx_word' id='word_1_58' title='bbox 366 2101 583 2170; x_wconf 80' lang='lat' dir='ltr'>Admonitus</span> <span class='ocrx_word' id='word_1_59' title='bbox 600 2100 678 2184; x_wconf 79' lang='lat' dir='ltr'>fari,</span> <span class='ocrx_word' id='word_1_60' title='bbox 698 2100 826 2168; x_wconf 88' lang='lat' dir='ltr'>mentis</span> <span class='ocrx_word' id='word_1_61' title='bbox 846 2121 952 2189; x_wconf 91' lang='lat' dir='ltr'>quam</span> <span class='ocrx_word' id='word_1_62' title='bbox 971 2121 1074 2189; x_wconf 86' lang='lat' dir='ltr'>saepe</span> <span class='ocrx_word' id='word_1_63' title='bbox 1090 2098 1264 2189; x_wconf 87' lang='lat' dir='ltr'>benignae</span> 
     </span>
     <span class='ocr_line' id='line_1_11' title="bbox 416 2270 1136 2361; baseline -0.003 -23"><span class='ocrx_word' id='word_1_64' title='bbox 416 2270 494 2338; x_wconf 89' lang='lat' dir='ltr'>Edo</span> <span class='ocrx_word' id='word_1_65' title='bbox 510 2270 573 2338; x_wconf 91' lang='lat' dir='ltr'>tibi</span> <span class='ocrx_word' id='word_1_66' title='bbox 596 2270 731 2339; x_wconf 84' lang='lat' dir='ltr'>dederit</span> <span class='ocrx_word' id='word_1_67' title='bbox 749 2270 897 2361; x_wconf 88' lang='lat' dir='ltr'>pignora</span> <span class='ocrx_word' id='word_1_68' title='bbox 918 2287 1010 2337; x_wconf 90' lang='lat' dir='ltr'>certa</span> <span class='ocrx_word' id='word_1_69' title='bbox 1029 2270 1136 2337; x_wconf 91' lang='lat' dir='ltr'>Deus.</span> 
     </span>
    </p>

    <p class='ocr_par' dir='ltr' id='par_1_7' title="bbox 367 2439 1338 2698">
     <span class='ocr_line' id='line_1_12' title="bbox 367 2439 1338 2529; baseline -0.003 -21"><span class='ocrx_word' id='word_1_70' title='bbox 367 2439 567 2529; x_wconf 88' lang='lat' dir='ltr'>Congestae</span> <span class='ocrx_word' id='word_1_71' title='bbox 585 2457 830 2507; x_wconf 91' lang='lat' dir='ltr'>memorantur</span> <span class='ocrx_word' id='word_1_72' title='bbox 847 2460 946 2528; x_wconf 79' lang='lat' dir='ltr'>opes,</span> <span class='ocrx_word' id='word_1_73' title='bbox 965 2456 1124 2506; x_wconf 88' lang='lat' dir='ltr'>armenta</span> <span class='ocrx_word' id='word_1_74' title='bbox 1145 2460 1338 2528; x_wconf 81' lang='lat' dir='ltr'>gregesque</span> 
     </span>
     <span class='ocr_line' id='line_1_13' title="bbox 418 2607 1137 2698; baseline -0.001 -23"><span class='ocrx_word' id='word_1_75' title='bbox 418 2609 461 2675; x_wconf 91' lang='lat' dir='ltr'>Et</span> <span class='ocrx_word' id='word_1_76' title='bbox 476 2625 535 2675; x_wconf 91' lang='lat' dir='ltr'>tua</span> <span class='ocrx_word' id='word_1_77' title='bbox 554 2607 718 2698; x_wconf 89' lang='lat' dir='ltr'>perlatas</span> <span class='ocrx_word' id='word_1_78' title='bbox 737 2607 864 2698; x_wconf 81' lang='lat' dir='ltr'>inclyta</span> <span class='ocrx_word' id='word_1_79' title='bbox 882 2607 974 2675; x_wconf 84' lang='lat' dir='ltr'>sama</span> <span class='ocrx_word' id='word_1_80' title='bbox 993 2609 1137 2698; x_wconf 80' lang='lat' dir='ltr'>plagas3</span> 
     </span>
    </p>

    <p class='ocr_par' dir='ltr' id='par_1_8' title="bbox 374 2776 1332 3034">
     <span class='ocr_line' id='line_1_14' title="bbox 374 2776 1332 2868; baseline 0.002 -26"><span class='ocrx_word' id='word_1_81' title='bbox 374 2776 667 2864; x_wconf 89' lang='lat' dir='ltr'>Promissamque</span> <span class='ocrx_word' id='word_1_82' title='bbox 685 2777 777 2845; x_wconf 92' lang='lat' dir='ltr'>addo</span> <span class='ocrx_word' id='word_1_83' title='bbox 795 2777 965 2846; x_wconf 86' lang='lat' dir='ltr'>Chanaan</span> <span class='ocrx_word' id='word_1_84' title='bbox 986 2799 1153 2865; x_wconf 89' lang='lat' dir='ltr'>serosque</span> <span class='ocrx_word' id='word_1_85' title='bbox 1172 2793 1332 2868; x_wconf 55' lang='lat' dir='ltr'>nepotem</span> 
     </span>
     <span class='ocr_line' id='line_1_15' title="bbox 414 2945 1239 3034; baseline -0.002 -20"><span class='ocrx_word' id='word_1_86' title='bbox 414 2945 519 3034; x_wconf 89' lang='lat' dir='ltr'>Quot</span> <span class='ocrx_word' id='word_1_87' title='bbox 536 2947 603 3014; x_wconf 90' lang='lat' dir='ltr'>sub</span> <span class='ocrx_word' id='word_1_88' title='bbox 621 2965 722 3014; x_wconf 89' lang='lat' dir='ltr'>nocte</span> <span class='ocrx_word' id='word_1_89' title='bbox 739 2947 873 3013; x_wconf 86' lang='lat' dir='ltr'>micant</span> <span class='ocrx_word' id='word_1_90' title='bbox 890 2945 1004 3014; x_wconf 88' lang='lat' dir='ltr'>sidera</span> <span class='ocrx_word' id='word_1_91' title='bbox 1022 2945 1113 3013; x_wconf 88' lang='lat' dir='ltr'>clara</span> <span class='ocrx_word' id='word_1_92' title='bbox 1131 2945 1213 3034; x_wconf 90' lang='lat' dir='ltr'>polo</span> <span class='ocrx_word' id='word_1_93' title='bbox 1230 2970 1239 3027; x_wconf 69' lang='grc' dir='ltr'><strong>ς</strong></span> 
     </span>
    </p>

    <p class='ocr_par' dir='ltr' id='par_1_9' title="bbox 372 3113 1293 3375">
     <span class='ocr_line' id='line_1_16' title="bbox 372 3113 1293 3204; baseline -0.003 -20"><span class='ocrx_word' id='word_1_94' title='bbox 372 3116 493 3204; x_wconf 89' lang='lat' dir='ltr'>thue</span> <span class='ocrx_word' id='word_1_95' title='bbox 514 3113 574 3182; x_wconf 91' lang='lat' dir='ltr'>diu</span> <span class='ocrx_word' id='word_1_96' title='bbox 594 3114 735 3198; x_wconf 55' lang='lat' dir='ltr'>sterilis</span> <span class='ocrx_word' id='word_1_97' title='bbox 754 3114 822 3182; x_wconf 90' lang='lat' dir='ltr'>iam</span> <span class='ocrx_word' id='word_1_98' title='bbox 843 3115 911 3181; x_wconf 88' lang='lat' dir='ltr'>iam</span> <span class='ocrx_word' id='word_1_99' title='bbox 930 3114 1123 3204; x_wconf 85' lang='lat' dir='ltr'>obrepente</span> <span class='ocrx_word' id='word_1_100' title='bbox 1141 3131 1293 3196; x_wconf 81' lang='lat' dir='ltr'>senecta,</span> 
     </span>
     <span class='ocr_line' id='line_1_17' title="bbox 418 3283 1109 3375; baseline -0.003 -23"><span class='ocrx_word' id='word_1_101' title='bbox 418 3285 517 3353; x_wconf 85' lang='lat' dir='ltr'>Uxor</span> <span class='ocrx_word' id='word_1_102' title='bbox 537 3283 701 3375; x_wconf 89' lang='lat' dir='ltr'>prodigio</span> <span class='ocrx_word' id='word_1_103' title='bbox 718 3283 762 3350; x_wconf 85' lang='lat' dir='ltr'>sit</span> <span class='ocrx_word' id='word_1_104' title='bbox 778 3304 836 3352; x_wconf 89' lang='lat' dir='ltr'>tua</span> <span class='ocrx_word' id='word_1_105' title='bbox 854 3283 941 3352; x_wconf 88' lang='lat' dir='ltr'>sacta</span> <span class='ocrx_word' id='word_1_106' title='bbox 959 3305 1109 3373; x_wconf 79' lang='lat' dir='ltr'>parens3</span> 
     </span>
    </p>

    <p class='ocr_par' dir='ltr' id='par_1_10' title="bbox 370 3452 1192 3713">
     <span class='ocr_line' id='line_1_18' title="bbox 370 3452 1189 3544; baseline 0.001 -25"><span class='ocrx_word' id='word_1_107' title='bbox 370 3452 494 3520; x_wconf 87' lang='lat' dir='ltr'>Indole</span> <span class='ocrx_word' id='word_1_108' title='bbox 511 3469 544 3521; x_wconf 92' lang='lat' dir='ltr'>te</span> <span class='ocrx_word' id='word_1_109' title='bbox 562 3452 651 3521; x_wconf 92' lang='lat' dir='ltr'>mira</span> <span class='ocrx_word' id='word_1_110' title='bbox 668 3475 818 3543; x_wconf 87' lang='lat' dir='ltr'>puerum</span> <span class='ocrx_word' id='word_1_111' title='bbox 837 3452 987 3521; x_wconf 88' lang='lat' dir='ltr'>crevisse</span> <span class='ocrx_word' id='word_1_112' title='bbox 1007 3453 1189 3544; x_wconf 77' lang='lat' dir='ltr'>magistro,</span> 
     </span>
     <span class='ocr_line' id='line_1_19' title="bbox 416 3621 1192 3713; baseline -0.001 -22"><span class='ocrx_word' id='word_1_113' title='bbox 416 3623 492 3691; x_wconf 90' lang='lat' dir='ltr'>Nec</span> <span class='ocrx_word' id='word_1_114' title='bbox 510 3644 626 3690; x_wconf 88' lang='lat' dir='ltr'>mores</span> <span class='ocrx_word' id='word_1_115' title='bbox 645 3621 809 3690; x_wconf 89' lang='lat' dir='ltr'>iuvenem</span> <span class='ocrx_word' id='word_1_116' title='bbox 828 3623 1041 3713; x_wconf 85' lang='lat' dir='ltr'>degenerare</span> <span class='ocrx_word' id='word_1_117' title='bbox 1059 3622 1192 3712; x_wconf 77' lang='lat' dir='ltr'>patris3</span> 
     </span>
    </p>

    <p class='ocr_par' dir='ltr' id='par_1_11' title="bbox 365 3791 1340 4052">
     <span class='ocr_line' id='line_1_20' title="bbox 365 3791 1340 3881; baseline 0.003 -24"><span class='ocrx_word' id='word_1_118' title='bbox 365 3791 478 3879; x_wconf 87' lang='lat' dir='ltr'>Quod</span> <span class='ocrx_word' id='word_1_119' title='bbox 500 3813 625 3859; x_wconf 90' lang='lat' dir='ltr'>voveas</span> <span class='ocrx_word' id='word_1_120' title='bbox 643 3813 827 3881; x_wconf 88' lang='lat' dir='ltr'>superesse</span> <span class='ocrx_word' id='word_1_121' title='bbox 846 3791 948 3876; x_wconf 76' lang='lat' dir='ltr'>nihii,</span> <span class='ocrx_word' id='word_1_122' title='bbox 967 3791 1033 3860; x_wconf 89' lang='lat' dir='ltr'>nisi</span> <span class='ocrx_word' id='word_1_123' title='bbox 1054 3791 1202 3860; x_wconf 91' lang='lat' dir='ltr'>numine</span> <span class='ocrx_word' id='word_1_124' title='bbox 1219 3792 1340 3860; x_wconf 85' lang='lat' dir='ltr'>dextro</span> 
     </span>
     <span class='ocr_line' id='line_1_21' title="bbox 415 3959 1217 4052; baseline -0.004 -21"><span class='ocrx_word' id='word_1_125' title='bbox 415 3961 464 4031; x_wconf 94' lang='lat' dir='ltr'>Ut</span> <span class='ocrx_word' id='word_1_126' title='bbox 482 3959 544 4028; x_wconf 91' lang='lat' dir='ltr'>tibi</span> <span class='ocrx_word' id='word_1_127' title='bbox 563 3961 744 4051; x_wconf 91' lang='lat' dir='ltr'>contingat</span> <span class='ocrx_word' id='word_1_128' title='bbox 761 3961 935 4052; x_wconf 86' lang='lat' dir='ltr'>sanguine</span> <span class='ocrx_word' id='word_1_129' title='bbox 957 3962 1073 4030; x_wconf 90' lang='lat' dir='ltr'>iuncta</span> <span class='ocrx_word' id='word_1_130' title='bbox 1091 3984 1217 4044; x_wconf 71' lang='lat' dir='ltr'>nurus,</span> 
     </span>
    </p>

    <p class='ocr_par' dir='ltr' id='par_1_12' title="bbox 366 4127 1244 4389">
     <span class='ocr_line' id='line_1_22' title="bbox 366 4127 1244 4217; baseline 0 -21"><span class='ocrx_word' id='word_1_131' title='bbox 366 4127 473 4217; x_wconf 92' lang='lat' dir='ltr'>Quae</span> <span class='ocrx_word' id='word_1_132' title='bbox 490 4129 663 4198; x_wconf 80' lang='lat' dir='ltr'>miserunt</span> <span class='ocrx_word' id='word_1_133' title='bbox 682 4129 802 4199; x_wconf 90' lang='lat' dir='ltr'>matris</span> <span class='ocrx_word' id='word_1_134' title='bbox 818 4131 950 4198; x_wconf 87' lang='lat' dir='ltr'>soletur</span> <span class='ocrx_word' id='word_1_135' title='bbox 967 4129 1089 4198; x_wconf 85' lang='lat' dir='ltr'>sunere</span> <span class='ocrx_word' id='word_1_136' title='bbox 1107 4147 1244 4213; x_wconf 75' lang='lat' dir='ltr'>natum,</span> 
     </span>
     <span class='ocr_line' id='line_1_23' title="bbox 413 4297 1165 4389; baseline 0.003 -25"><span class='ocrx_word' id='word_1_137' title='bbox 413 4297 777 4388; x_wconf 76' lang='lat' dir='ltr'>Extendatque&#39;pium</span> <span class='ocrx_word' id='word_1_138' title='bbox 795 4297 892 4388; x_wconf 90' lang='lat' dir='ltr'>prole</span> <span class='ocrx_word' id='word_1_139' title='bbox 910 4299 1009 4368; x_wconf 86' lang='lat' dir='ltr'>beata</span> <span class='ocrx_word' id='word_1_140' title='bbox 1026 4321 1165 4389; x_wconf 73' lang='lat' dir='ltr'>genus3</span> 
     </span>
    </p>

    <p class='ocr_par' dir='ltr' id='par_1_13' title="bbox 366 4465 1265 4559">
     <span class='ocr_line' id='line_1_24' title="bbox 366 4465 1265 4559; baseline 0.001 -25"><span class='ocrx_word' id='word_1_141' title='bbox 366 4465 463 4534; x_wconf 90' lang='lat' dir='ltr'>Hinc</span> <span class='ocrx_word' id='word_1_142' title='bbox 481 4466 568 4535; x_wconf 92' lang='lat' dir='ltr'>mihi</span> <span class='ocrx_word' id='word_1_143' title='bbox 588 4468 795 4536; x_wconf 90' lang='lat' dir='ltr'>mandatum</span> <span class='ocrx_word' id='word_1_144' title='bbox 814 4468 991 4536; x_wconf 88' lang='lat' dir='ltr'>cunabula</span> <span class='ocrx_word' id='word_1_145' title='bbox 1010 4467 1121 4537; x_wconf 87' lang='lat' dir='ltr'>visere</span> <span class='ocrx_word' id='word_1_146' title='bbox 1139 4469 1265 4559; x_wconf 71' lang='lat' dir='ltr'>gentis,</span> 
     </span>
    </p>
   </div>
   <div class='ocr_carea' id='block_1_6' title="bbox 412 4634 1053 4727">
    <p class='ocr_par' dir='ltr' id='par_1_14' title="bbox 412 4634 1053 4727">
     <span class='ocr_line' id='line_1_25' title="bbox 412 4634 1053 4727; baseline 0 -21"><span class='ocrx_word' id='word_1_147' title='bbox 412 4634 451 4706; x_wconf 90' lang='lat' dir='ltr'>Si</span> <span class='ocrx_word' id='word_1_148' title='bbox 470 4636 589 4704; x_wconf 89' lang='lat' dir='ltr'>medio</span> <span class='ocrx_word' id='word_1_149' title='bbox 606 4637 709 4705; x_wconf 89' lang='lat' dir='ltr'>detur</span> <span class='ocrx_word' id='word_1_150' title='bbox 726 4636 913 4706; x_wconf 89' lang='lat' dir='ltr'>conciliare</span> <span class='ocrx_word' id='word_1_151' title='bbox 936 4656 1053 4727; x_wconf 91' lang='lat' dir='ltr'>toros;</span> 
     </span>
    </p>
   </div>
   <div class='ocr_carea' id='block_1_7' title="bbox 0 0 1990 5654">
    <p class='ocr_par' dir='ltr' id='par_1_15' title="bbox 0 0 1990 5654">
     <span class='ocr_line' id='line_1_26' title="bbox 0 0 1990 5654; baseline 0 0"><span class='ocrx_word' id='word_1_152' title='bbox 0 0 1990 5654; x_wconf 95' lang='lat' dir='ltr'> </span> 
     </span>
    </p>
   </div>
  </div>
 </body>
</html>
