3936 5578
1014 455 1163 501 lUDlTllA

593 629 751 699 Numina
773 631 826 697 vel
847 628 978 697 maiore
996 631 1063 696 deo
1080 646 1243 718 superata
1263 645 1473 716 queruntur.

591 797 691 887 Quid
710 797 813 865 saciat
829 797 944 878 miles,
964 798 1060 866 nulla
1078 815 1138 864 aut
1155 796 1352 886 pugnantia
1371 819 1492 864 secum

593 969 687 1035 Dum
706 967 870 1034 mandata
885 967 997 1050 audit,
1017 988 1080 1034 nec
1100 989 1171 1056 quo
1189 966 1300 1055 liquet
1317 965 1441 1033 ordine
1462 965 1609 1032 cernat?

592 1135 804 1206 Conticuere
822 1135 902 1218 ioci,
922 1134 1019 1225 prior
1038 1153 1071 1203 et
1088 1134 1252 1202 iactantia
1269 1134 1373 1202 cessit
1391 1161 1398 1200 ε

592 1305 719 1373 Inflato
737 1328 852 1394 neque
870 1305 987 1372 adhuc
1007 1325 1150 1394 pugnae
1169 1303 1355 1371 illaetabile
1377 1303 1521 1393 signum

590 1478 681 1542 Aere
697 1475 825 1542 dedere
842 1473 961 1557 tubae,
981 1475 1158 1563 vulgoque
1179 1473 1214 1541 in
1237 1472 1348 1540 milite
1369 1472 1460 1540 vires

592 1643 722 1711 Effetae
738 1660 880 1732 torpent
898 1669 905 1710 :
925 1642 1050 1732 inopes
1066 1643 1152 1711 dum
1175 1642 1305 1710 mentis
1322 1659 1491 1732 aguntur,

591 1813 780 1881 Murorum
801 1835 878 1880 ecce
897 1812 1018 1880 vident
1038 1811 1190 1880 summis
1211 1811 1401 1901 pendentia
1420 1810 1543 1900 pinnis

589 1981 663 2051 Ora
683 1999 828 2049 cruenta
843 1981 968 2050 ducis:
991 1999 1066 2049 tum
1086 2003 1169 2049 vero
1187 1979 1290 2047 sortia
1309 2001 1472 2068 quaeque

590 2150 707 2220 Corda
727 2149 839 2239 quatit
854 2169 967 2218 terror
983 2176 989 2217 :
1008 2150 1096 2239 quid
1115 2173 1186 2217 non
1206 2148 1366 2217 nocitura
1384 2147 1496 2216 virilis

590 2317 773 2388 Succurrit
789 2319 918 2408 proles,
940 2319 1072 2387 steterit
1089 2341 1203 2407 quum
1222 2317 1354 2386 femina
1372 2335 1480 2385 tantu.

593 2487 739 2576 lamque
757 2486 791 2554 in
810 2505 921 2555 castra
937 2489 1068 2556 cadunt
1086 2509 1194 2556 nervo
1214 2487 1418 2575 impellente
1432 2485 1599 2572 sagittae,

592 2656 838 2744 Excussaeque
857 2656 985 2746 pluunt
1003 2673 1093 2724 torto
1111 2656 1182 2724 iam
1202 2657 1345 2724 verbere
1363 2656 1521 2745 glandes.

591 2825 795 2893 Destituunt
812 2826 926 2893 socios
946 2843 1061 2915 partes
1079 2848 1150 2893 non
1171 2842 1297 2914 sponte
1315 2825 1424 2891 secuti

588 2993 765 3084 Assyrias,
784 2993 981 3082 foedusque
1000 3016 1134 3062 novum
1152 2995 1348 3083 devotaque
1367 2992 1494 3061 fallunt

589 3161 713 3253 Signa,
732 3185 795 3230 nec
813 3162 958 3230 infestos
977 3163 1142 3231 dubitant
1159 3185 1366 3252 expromere
1388 3185 1528 3230 sensus.

588 3330 641 3396 Te
658 3352 801 3418 quoque
823 3353 931 3414 nunc,
950 3335 1076 3415 Assur,
1095 3349 1220 3417 gentes
1237 3349 1388 3399 tentasse
1405 3330 1544 3420 quietas

516 3509 521 3522 '
591 3498 829 3588 Sopitumque
847 3500 941 3589 piget
960 3500 1069 3568 ludae
1087 3500 1242 3569 irritasse
1263 3501 1415 3568 leonem.

591 3666 667 3755 Qui
686 3668 784 3757 prius
805 3669 898 3736 haud
917 3691 1077 3757 unquam
1098 3692 1224 3757 campo
1242 3668 1310 3736 nisi
1329 3669 1439 3737 victor
1459 3667 1593 3750 abibat,

593 3837 755 3926 Degener
771 3836 828 3904 ille
846 3854 928 3904 tuus
944 3838 1109 3905 detrectat
1125 3838 1259 3926 proelia
1279 3837 1392 3905 miles.

592 4004 848 4096 Quadriiuges‚
867 4006 1028 4094 equiturn
1049 4024 1186 4074 turmae
1204 4005 1434 4095 peditumque
1454 4002 1601 4093 manipli

590 4173 791 4242 Ordinibus
807 4172 949 4264 fugiunt
967 4174 1095 4264 raptim
1115 4195 1177 4263 per
1193 4172 1295 4240 devia
1317 4172 1444 4261 ruptis,

591 4342 860 4432 Proiiciuntque
878 4342 980 4432 fugae
998 4364 1095 4409 arma
1114 4364 1231 4409 moras
1249 4365 1255 4408 :
1275 4341 1468 4410 formidine
1485 4362 1612 4409 caecus

591 4511 754 4580 Volvitur
767 4529 806 4579 ut
823 4511 903 4600 quis
918 4511 1033 4594 humi,
1052 4511 1118 4579 cita
1132 4510 1367 4600 cornipedum
1382 4510 1514 4600 ungula
1532 4510 1674 4600 lapsum
