3970 5580
532 557 574 620 frti
1041 575 1198 620 susanna

534 751 615 818 Non
636 766 766 817 temere
785 748 818 817 id
837 748 978 816 visum:
998 749 1158 817 custodia
1175 747 1305 817 credita
1327 748 1414 838 legis

533 919 609 987 Nos
623 917 796 1008 speculari
814 917 926 985 oculis
942 940 1014 1007 quo
1034 939 1090 985 res
1107 939 1145 986 ea
1164 935 1314 985 verteret
1331 917 1413 1008 egit.

535 1085 791 1176 progredimur
808 1085 1046 1176 fruticumque
1064 1086 1154 1153 inter
1172 1086 1323 1176 virgulta
1341 1087 1501 1153 latemus.

533 1255 654 1322 Parva
664 1277 764 1323 mora
781 1272 845 1336 est,
864 1254 962 1323 tenui
980 1253 1210 1322 blandissima
1230 1254 1335 1322 verba
1361 1277 1508 1322 susurro

529 1429 627 1491 Aura
645 1425 688 1490 ad
711 1445 775 1490 nos
792 1422 927 1505 delert3
947 1423 1088 1490 animos
1105 1422 1326 1491 intendimus
1345 1423 1441 1506 illuc,

531 1591 678 1680 Oraque
696 1591 911 1682 proferimus
928 1609 935 1660 :
961 1591 1099 1680 patulae
1118 1613 1194 1658 ecce
1214 1592 1279 1659 sub
1298 1591 1434 1659 arboris
1452 1591 1580 1659 umbra

529 1760 700 1850 Turpiter
716 1761 779 1828 ista
797 1762 872 1828 solo
890 1760 1010 1829 iuveni
1028 1759 1218 1828 commixta
1236 1759 1381 1827 iacebat.

532 1928 677 1997 Primus
694 1947 732 1996 ut
752 1929 897 1997 excessit
915 1929 1085 1997 membris
1102 1927 1326 2018 torpentibus
1344 1929 1480 2011 horror,

532 2097 627 2166 llicet
648 2096 842 2165 irruimus:
863 2097 933 2165 iam
953 2098 1023 2164 iam
1041 2119 1275 2186 comprensus
1291 2098 1430 2165 adulter

532 2266 660 2334 Evadit
678 2266 845 2335 manibus
864 2267 1005 2350 nostris,
1024 2267 1214 2355 tardosque
1233 2285 1370 2333 senecta

530 2434 640 2503 Ocior
657 2435 768 2503 eludit
787 2457 907 2518 cursu,
926 2435 1133 2525 foribusque
1152 2435 1297 2503 reclusis

529 2606 622 2672 Tuta
640 2605 737 2695 petit.
759 2603 904 2694 Prolugi
924 2625 1054 2673 nomen
1074 2604 1243 2673 scitantur
1262 2604 1306 2671 ab
1326 2603 1397 2686 illa,

532 2774 697 2862 Ignotum
716 2773 783 2841 sibi
801 2796 891 2863 quae
910 2773 1023 2864 fingit,
1042 2773 1264 2864 genibusque
1287 2774 1448 2841 volutans

529 2940 687 3012 Solvitur
707 2942 740 3009 in
764 2942 901 3024 fletum,
919 2959 1023 3031 atque
1042 2965 1162 3033 preces
1179 2942 1360 3010 descendit
1378 2941 1412 3008 in
1431 2964 1569 3024 omnes,

527 3111 750 3180 Concubitus
770 3111 891 3179 foedos
912 3134 956 3179 ne
976 3111 1093 3179 debita
1111 3133 1224 3201 poena
1242 3128 1420 3200 sequatur.

531 3281 619 3348 lnde
637 3279 733 3348 brevi
752 3281 851 3348 exciti
872 3280 1001 3349 nostris
1018 3279 1234 3347 clamoribus
1252 3282 1382 3348 adsunt

527 3451 571 3517 Et
588 3449 711 3516 famuli
733 3466 767 3516 et
783 3449 925 3517 coniux.
947 3453 995 3518 At
1011 3465 1046 3516 tu
1065 3447 1251 3516 miraberis
1268 3448 1343 3538 ipse

528 3617 708 3686 Femineis
724 3640 814 3707 quae
833 3641 902 3685 non
922 3616 1068 3686 audacia
1086 3617 1267 3684 mentibus
1284 3616 1379 3697 insit,

524 3785 652 3873 Quum
673 3787 780 3853 semel
798 3785 988 3853 exstinctus
1006 3785 1120 3874 pudor
1138 3803 1211 3852 est:
1234 3784 1355 3852 eadem
1378 3783 1541 3873 improba
1559 3800 1698 3852 nostros

522 3954 690 4023 Obsceno
708 3977 797 4044 quae
815 3953 968 4023 foedavit
986 3955 1092 4020 modo
1113 3953 1260 4021 crimine
1278 3954 1410 4035 vultus,

523 4123 828 4212 Supplicibusque
847 4123 964 4191 modis
984 4122 1126 4191 veniam
1144 4144 1286 4190 exorare
1305 4122 1463 4212 parabat,

521 4291 652 4380 Vipera
671 4313 766 4358 nunc
784 4291 890 4360 veluti
910 4291 979 4359 talo
996 4313 1199 4379 compressa
1218 4289 1374 4370 rebellat,

521 4461 771 4551 Canitiernque
789 4462 892 4529 istam
910 4483 981 4528 non
1003 4460 1174 4528 infamare
1193 4477 1344 4527 veretur.

519 4631 630 4719 Quod
650 4653 751 4721 passa
769 4649 832 4714 estq
854 4631 982 4700 inferre
1000 4630 1172 4720 probrum
1194 4628 1348 4696 voluisse
1366 4625 1510 4714 neganti
