3972 5654
496 527 559 592 236
780 547 934 592 vraomrs
960 546 1178 592 naruaronrs
1201 547 1386 603 QUEnuLnu

591 717 726 786 Mensis
743 718 829 802 abit,
847 721 951 810 longo
969 719 1105 788 mensis
1125 719 1214 787 mihi
1234 718 1374 810 longior
1390 742 1508 787 anno:

630 888 751 956 Altera
771 905 905 956 mutato
923 906 1021 977 pacta
1041 888 1158 978 puella
1176 887 1253 954 fuit.

587 1057 639 1124 En
660 1056 753 1124 solos
773 1057 832 1145 qui
855 1078 891 1123 se
909 1055 1038 1123 iactant
1055 1055 1260 1146 ubicunque
1278 1056 1411 1138 fideles,

633 1225 823 1293 Femineas
841 1247 941 1292 voces
959 1225 1100 1313 pondus
1123 1226 1252 1292 habere
1273 1244 1413 1315 negant.

586 1393 692 1461 Venit
711 1412 743 1461 et
758 1412 831 1460 atra
849 1394 937 1470 dies.
957 1393 1064 1461 sacris
1086 1417 1155 1482 qua
1173 1394 1238 1462 rite
1259 1394 1402 1484 paratis

630 1562 789 1630 Transiit
805 1581 885 1631 ante
903 1585 998 1630 meas
1015 1585 1147 1653 pompa
1165 1562 1306 1631 sinistra
1325 1563 1428 1631 fores.

587 1731 738 1801 Obiecto
760 1749 797 1798 ut
818 1731 915 1821 prior
931 1749 983 1798 est
999 1733 1180 1799 cumulata
1198 1732 1326 1800 iniuria
1345 1733 1435 1806 visu,

634 1899 804 1967 Protinus
821 1898 948 1968 exarsit
965 1917 1084 1968 motus
1102 1923 1221 1968 amore
1240 1901 1361 1982 luror3

589 2069 684 2137 Tum
705 2069 820 2137 media
840 2069 943 2136 libuit
962 2068 1153 2136 nubentem
1174 2069 1339 2137 invadere
1356 2071 1474 2148 turba,

633 2235 807 2326 Sertaque
826 2237 975 2304 turbatis
993 2237 1153 2304 scindere
1174 2254 1272 2324 rapta
1289 2236 1412 2304 comis.

591 2405 784 2474 Inclamare
802 2405 908 2473 simul
927 2431 933 2472 :
954 2431 974 2468 <‹
992 2406 1162 2494 Proprios
1179 2406 1242 2473 tibi
1261 2428 1390 2494 quaere
1412 2405 1583 2474 maritos:

636 2575 697 2641 Est
718 2595 821 2641 meus
841 2573 922 2641 ille:
943 2573 1033 2641 meis
1050 2576 1146 2654 cede,
1167 2591 1342 2663 proterva,
1364 2573 1515 2641 bonis.»

591 2741 777 2831 Irruptura
794 2741 858 2826 fui,
879 2741 946 2810 nisi
964 2743 1059 2831 quod
1082 2742 1234 2832 collapsa
1253 2761 1396 2833 repente

640 2909 680 2976 ln
698 2911 788 2977 duro
806 2909 907 2999 posui
927 2909 1052 2999 frigida
1070 2912 1229 2979 membra
1247 2912 1334 2980 solo.

594 3078 696 3147 Adde
713 3080 808 3167 quod
826 3081 997 3147 accedunt
1017 3079 1145 3148 nostris
1167 3079 1318 3148 ludibria
1336 3081 1490 3165 damnis,
1559 3077 1562 3082 ’

638 3248 777 3336 Perque
796 3248 983 3315 hominum
1005 3266 1125 3316 coetus
1145 3248 1262 3317 fabula
1282 3269 1363 3318 nota
1380 3249 1473 3318 feror
1488 3240 1514 3332 ς’

592 3416 824 3505 Invisumque
845 3416 960 3506 palam
981 3417 1065 3484 mihi
1088 3440 1200 3507 quum
1219 3439 1333 3506 genus
1353 3441 1460 3487 omne
1480 3419 1580 3488 virile

638 3584 778 3667 Peiero,
798 3585 853 3652 vix
872 3585 986 3653 risum
1005 3584 1136 3653 femina
1157 3586 1281 3675 virque
1298 3595 1441 3661 tenent:

593 3755 636 3821 Et
654 3753 680 3820 si
701 3753 788 3822 forte
808 3753 937 3843 aliquis
955 3753 1074 3844 lingua
1094 3756 1308 3845 petulantior
1324 3758 1448 3830 adstat.

636 3921 719 3988 Visa
740 3920 783 3988 sit
804 3938 841 3987 ut
858 3920 955 4010 vulpi
977 3921 1120 3988 crudior
1137 3944 1203 3988 uva
1222 3941 1353 3989 monet.

593 4089 703 4157 Insita
722 4111 850 4179 nempe
872 4113 983 4180 prope
1002 4109 1052 4157 est
1069 4089 1230 4158 maribus
1246 4089 1382 4157 fallacia
1403 4091 1497 4158 laudi
1517 4113 1526 4178 ;

638 4257 856 4346 Simplicitas
874 4257 977 4325 nobis
995 4257 1070 4347 ipsa
1088 4257 1245 4346 fidesque
1263 4277 1402 4326 nocent.

595 4427 787 4516 improbus
805 4427 862 4494 ille
879 4427 972 4516 capit
990 4429 1171 4495 mendacis
1190 4427 1343 4517 praemia
1362 4429 1526 4518 linguae:

641 4595 786 4664 Nullius
808 4596 952 4663 admissi
974 4596 1114 4663 conscia
1133 4596 1265 4685 plector
1281 4620 1358 4687 ego.
