3972 5654
723 556 880 600 summunt
907 555 1119 599 PONTIFICEM
1446 535 1509 620 309

378 731 423 798 Et
440 729 503 797 tibi
522 750 652 796 nomen
673 728 762 795 inest
781 727 959 816 siquidem
978 727 1249 817 Omnipotentia
1268 728 1429 818 supplex,

427 898 523 967 Huic
540 898 691 965 validam
711 897 807 964 mitis
827 897 990 985 protinus
1007 896 1091 965 affer
1108 919 1225 987 opem.

276 1129 280 1138 ,
378 1068 640 1155 Cultoremque
658 1085 691 1134 et
709 1089 769 1133 vos
787 1088 966 1134 memores
982 1066 1161 1134 defendite
1178 1083 1349 1146 vestrum,

425 1235 527 1325 Quot
544 1257 695 1304 numero
713 1259 861 1325 superos
878 1236 958 1303 aula
979 1235 1078 1303 beata
1096 1236 1200 1325 capit.

377 1406 497 1476 Credo
514 1405 694 1494 equidem,
715 1427 783 1472 non
804 1427 865 1472 vos
884 1405 932 1472 illi
955 1405 1081 1472 favisse
1102 1404 1250 1496 pigebit,

426 1575 619 1665 Egregium
639 1574 738 1642 vobis
759 1576 819 1664 qui
839 1574 930 1664 parit
946 1597 1058 1663 usque
1076 1575 1195 1642 decus.

379 1744 487 1812 Nunc
505 1744 607 1810 docto
625 1743 744 1811 laudat
764 1761 922 1832 perarata
942 1744 1123 1810 volumina
1140 1743 1294 1822 Thoma,

424 1912 491 1982 Cui
514 1911 651 2001 patiens
671 1929 784 2004 grates
803 1913 847 1979 de
866 1934 967 1979 cruce
985 1911 1149 1982 Christus
1166 1911 1260 2002 agiu

382 2081 470 2151 lnde
491 2081 586 2149 videt
602 2082 763 2150 Thomae
780 2081 907 2148 studiis
924 2103 1106 2172 assurgere
1128 2079 1264 2162 fratres,

426 2249 532 2338 Quos
552 2250 618 2318 sibi
637 2250 792 2318 devincit
810 2250 987 2349 relligiosa
1006 2251 1105 2317 fides.

381 2421 503 2502 Nunc,
525 2420 723 2510 Alphonse,
741 2419 803 2486 tibi
826 2420 972 2486 meritos
993 2419 1164 2486 instaurat
1182 2419 1348 2498 honores,

424 2594 572 2677 Aequus
589 2588 759 2677 Aquinati
779 2589 839 2677 qui
859 2611 969 2678 prope
987 2589 1088 2657 laude
1106 2588 1216 2654 subis.

380 2757 457 2824 Nec
479 2757 558 2840 tibi,
576 2757 756 2840 Vincenti,
775 2779 894 2825 rerum
913 2757 1099 2846 praeconia
1117 2759 1259 2840 desunt,

426 2924 582 2996 Sedibus
603 2925 767 2994 aetheriis
785 2948 892 3015 quem
915 2925 1094 2994 benefacta
1113 2926 1238 2993 locant.

378 3095 433 3162 Te
451 3095 557 3162 simul
576 3094 754 3184 excipiunt
772 3095 944 3184 puerique
964 3095 1162 3184 hilaresque
1181 3095 1331 3184 puellae,

426 3265 470 3331 Et
489 3264 609 3331 blaeso
624 3264 774 3332 celebrat
792 3264 895 3332 turba
913 3264 1050 3332 minuta
1067 3264 1200 3342 choroz,

381 3434 619 3522 Expansoque
637 3450 742 3522 caput
759 3432 833 3500 lino
851 3433 986 3500 velante
1006 3455 1145 3500 sorores

423 3604 588 3686 Adstant,
607 3619 639 3669 et
654 3620 778 3669 cantus
796 3622 879 3668 voce
899 3622 1077 3689 manuque
1096 3619 1234 3692 regunt.

382 3771 472 3849 Nec,
494 3772 521 3837 F
524 3770 692 3853 rancisce,
710 3769 760 3837 tui
780 3791 882 3837 mens
899 3787 950 3837 est
966 3769 1075 3836 oblita
1098 3769 1241 3851 Leonis,

427 3940 496 4008 Per
515 3962 621 4029 quem
640 3961 734 4007 nunc
753 3939 880 4006 iterum
898 3938 1022 4006 tertius
1039 3940 1127 4006 ordo
1145 3940 1246 4028 viget.

383 4110 528 4197 Vosque
545 4108 656 4176 favete
677 4109 820 4193 alacres,
839 4130 946 4197 quem
965 4107 1110 4197 suspicit
1127 4107 1238 4189 orbis,
1256 4107 1415 4190 alumno,

426 4277 622 4360 Loiolidae,
643 4277 767 4364 anagni
787 4277 940 4344 inaximo
958 4299 1041 4344 cura
1058 4276 1169 4344 ducis.

380 4445 587 4535 Discipulus
606 4468 668 4513 nec
686 4445 781 4514 enim
801 4445 934 4536 priscos
951 4445 1073 4513 efferre
1091 4445 1278 4536 magistros

429 4615 504 4682 Nec
521 4616 645 4682 merita
663 4614 846 4683 addubitat
861 4635 1142 4682 commemorare
1161 4615 1289 4704 palam.
