3928 5580
506 493 547 555 24
915 490 1029 535 PUGNA
1055 489 1274 534 uoutssurnun

504 667 684 733 Immanes
706 665 861 754 prodens
880 664 1049 730 humeros
1068 683 1290 750 magnosque
1309 663 1467 729 lacertos.

501 833 623 902 Tibris
640 851 727 916 erat,
746 834 887 900 Teucro
902 831 1018 920 qualis
1036 854 1098 920 per
1115 831 1254 898 somnia
1273 830 1344 920 regi

501 1004 730 1072 Cemendum
750 1024 786 1068 se
807 1000 1030 1091 praebuerat,
1050 999 1237 1068 miseratus
1256 999 1314 1067 ubi
1334 999 1395 1067 otti

500 1172 723 1241 Gaudentem
741 1169 869 1237 cecinit
888 1191 1030 1258 porcam
1050 1171 1222 1256 sedesque
1239 1166 1388 1236 futuras.

503 1339 650 1408 Miranti
669 1339 797 1406 similis
815 1338 953 1428 placido
971 1337 1036 1406 fert
1056 1338 1193 1405 lumina
1212 1339 1311 1405 rultu

502 1510 583 1576 Huc
605 1509 686 1576 illuc
703 1509 802 1590 deus,
823 1527 856 1576 et
873 1507 980 1575 simui
1002 1530 1040 1574 ac
1059 1529 1114 1574 me
1133 1507 1329 1596 eonspicit:
1349 1532 1369 1570 «
1388 1508 1490 1574 Heus
1507 1524 1558 1588 tu,

503 1677 604 1766 Quid
626 1677 715 1767 petis
733 1678 828 1759 hinc,
848 1675 930 1744 latio
951 1676 1011 1765 qui
1032 1698 1088 1743 me
1107 1693 1185 1765 post
1202 1676 1340 1743 saecula
1359 1675 1496 1765 primus

504 1847 735 1936 Compellans
753 1867 916 1914 sermone
934 1845 1048 1935 adytis
1066 1843 1306 1934 penetralibus
1324 1844 1441 1911 exeis?

503 2015 580 2104 Qui
600 2017 739 2105 genus?
762 2016 867 2086 Unde
884 2015 1019 2082 domo?
1045 2015 1137 2081 Nam
1157 2014 1183 2080 si
1203 2013 1266 2080 ribi
1289 2013 1394 2080 verba
1412 2013 1533 2096 latina,

504 2184 682 2252 Barbarus
699 2201 750 2251 est
771 2201 862 2251 certe
882 2182 976 2250 vocis
998 2205 1118 2250 sonus.
1141 2183 1245 2250 Ensis
1263 2201 1295 2250 et
1313 2182 1376 2250 iste

503 2352 604 2441 Quid
622 2351 689 2420 sibi
707 2352 794 2434 vult,
813 2351 930 2420 sonitu
953 2374 1094 2442 gressus
1112 2351 1173 2440 qui
1190 2350 1305 2442 signat
1322 2351 1438 2419 euntis
1453 2353 1462 2418 i
1479 2379 1498 2415 »

502 2519 685 2610 Obstupui
705 2522 795 2602 visu,
814 2521 1035 2608 tentanrique
1054 2520 1186 2588 hiscere
1208 2520 1330 2606 lingua

505 2687 597 2754 Dum
617 2709 726 2776 prope
745 2705 939 2776 torpuerat,
958 2687 1059 2755 retuli
1080 2687 1136 2755 vix
1154 2688 1235 2755 ralia
1255 2715 1261 2754 :
1282 2714 1301 2750 «
1318 2687 1437 2771 Salve,

504 2853 538 2922 O
560 2873 740 2943 praestans
759 2855 849 2922 inter
866 2855 1021 2922 fluvialia
1039 2857 1186 2924 numina
1206 2879 1337 2924 numen
1358 2863 1364 2924 !

505 3023 600 3090 Nam
618 3022 681 3090 tibi
700 3045 768 3090 non
788 3042 919 3092 temere
937 3044 988 3092 est
1005 3048 1122 3093 rerum
1142 3027 1316 3114 promissa
1335 3045 1499 3115 potestas.

506 3190 711 3280 Dispeream
731 3192 858 3279 primis
876 3211 947 3260 toto
967 3193 1034 3260 nisi
1054 3212 1194 3283 pectore
1211 3194 1254 3261 ab
1271 3195 1374 3262 annis

504 3361 621 3427 Ardor
638 3376 711 3427 erat
728 3361 817 3428 mihi
838 3363 1022 3450 quondam
1041 3363 1106 3430 ista
1124 3364 1313 3431 consistere
1334 3363 1424 3454 ripaq

506 3529 549 3595 Et
566 3527 645 3595 licet
665 3529 851 3596 obscurum
872 3549 954 3597 tuus
971 3532 1087 3597 accola
1105 3533 1229 3620 degere
1249 3533 1368 3600 vitam.

507 3697 593 3762 Vota
612 3696 790 3764 exaudivit
807 3698 948 3766 tandem
968 3721 1047 3766 ntea
1067 3699 1245 3768 Maximus
1263 3701 1333 3782 itte,

504 3869 594 3931 Arce
615 3866 741 3932 sedens
759 3865 927 3933 Vaticana
944 3866 1004 3955 qui
1024 3867 1159 3956 legibus
1175 3869 1297 3936 orbem

507 4033 599 4099 Dum
621 4032 708 4123 regit
727 4033 898 4124 augustis,
921 4036 1120 4102 Romanam
1140 4037 1290 4104 restituit
1307 4061 1392 4106 rem.

507 4200 626 4268 Huius
644 4201 790 4269 miiitiae
809 4224 865 4270 me
887 4222 1012 4291 sponte
1032 4205 1222 4293 volensque
1240 4205 1367 4289 dicavi,

507 4367 626 4436 Huius
645 4387 677 4436 et
694 4392 791 4437 arma
809 4393 904 4461 gero.
927 4372 1083 4439 Patriam
1103 4373 1129 4438 si
1149 4373 1281 4442 discere
1301 4374 1416 4459 refert,

506 4537 565 4603 Me
582 4537 704 4626 genuit
724 4560 814 4627 quae
833 4540 987 4628 proceris
1007 4541 1267 4630 hominumque
1291 4543 1470 4633 boumque
