3928 5580
276 2081 438 2169 Tempus
456 2098 530 2147 erat
549 2081 656 2148 sacris
678 2081 896 2168 praedictum
919 2081 1058 2147 vatibus
1078 2080 1179 2159 olim,

277 2247 403 2336 Quum
424 2249 555 2316 iudaea
573 2250 648 2316 soio
667 2249 772 2317 natali
793 2250 942 2317 abducta
961 2272 1118 2338 propago

279 2417 447 2484 Foederis
464 2417 600 2506 antiqui
620 2418 781 2507 lataeque
802 2418 846 2485 ab
865 2417 1014 2485 numine
1033 2418 1119 2508 legis

277 2585 479 2674 Euphratae
501 2585 544 2652 ad
564 2586 658 2676 ripas
678 2586 810 2653 oblivia
832 2587 938 2672 longa
957 2586 1087 2653 luebat.

276 2753 434 2842 Captivis
453 2772 571 2821 tamen
592 2755 685 2822 haud
704 2755 887 2823 victorius
908 2753 1005 2822 mitis
1022 2754 1154 2822 ademit

276 2921 395 2992 Omne
413 2941 420 2989 ε
445 2922 740 3012 magistratusque
758 2947 842 2990 suos
860 2923 1118 3014 propriumque
1137 2922 1292 2990 tribunal

275 3097 497 3180 Agnoscunt,
520 3091 706 3180 patrioque
724 3091 921 3160 etiamnum
940 3114 1038 3159 more
1061 3109 1257 3182 reguntur3

276 3261 350 3328 Nec
367 3283 474 3327 censu
496 3282 684 3350 procerum
707 3260 831 3349 primis
850 3283 914 3328 nec
932 3261 1067 3329 honore
1089 3262 1282 3328 carendum
1305 3281 1369 3336 est,

274 3427 379 3516 Quos
401 3427 492 3496 inter
512 3429 645 3497 ciarum
666 3451 870 3518 nomenque
887 3430 1066 3518 decusque
1086 3430 1227 3518 gerebat

274 3599 377 3665 Tunc
398 3597 557 3665 loachim
579 3597 718 3685 pietatis
738 3620 863 3664 amans
883 3617 916 3666 et
935 3600 1048 3665 cultor
1070 3599 1220 3666 honesti.

277 3765 371 3834 Huic
390 3789 459 3833 non
480 3766 567 3834 urbe
589 3767 725 3856 procul,
745 3767 836 3856 rigui
856 3789 965 3856 prope
986 3767 1146 3834 fluminis
1165 3770 1296 3835 undam

275 3937 365 4003 Villa
385 3936 567 4004 colebatur
584 3935 705 4003 nitidis
723 3935 840 4004 effulta
861 3935 1054 4018 columnis,

276 4101 489 4191 Hospitibus
506 4102 635 4169 domus
653 4119 757 4192 atque
779 4102 875 4193 inopi
895 4103 1123 4172 celeberrima
1143 4105 1260 4194 vulgo,

272 4277 365 4337 Ante
382 4271 487 4339 aedes
503 4270 597 4360 ipsas
615 4271 694 4360 puri
712 4270 778 4338 fuit
798 4295 877 4340 area
898 4271 1012 4360 campi

275 4438 409 4508 Usibus
427 4457 506 4528 apta
524 4439 605 4522 fori,
624 4462 696 4528 quo
714 4462 750 4507 se
770 4439 930 4508 conferre
951 4437 1111 4507 solebant

274 4606 529 4696 iudicibusque
547 4630 629 4675 suas
646 4607 739 4675 cives
761 4631 958 4698 proponere
981 4631 1115 4676 causas.
