4004 5612
752 531 907 576 SUMMUM
934 531 1146 576 PONTIFICEM

410 703 469 774 Sic
486 703 625 771 miseris
642 705 755 771 audax
772 703 964 793 aliquando
985 721 1161 772 exaestuat
1179 703 1241 786 ira,

454 875 503 942 Ut
520 871 655 940 licitum
674 871 804 962 pariter
821 871 942 962 fasque
963 871 1130 962 nefasque
1152 891 1287 962 putent.

409 1041 587 1110 Maximus
604 1061 638 1108 at
656 1060 779 1124 rector,
799 1065 899 1109 casus
917 1041 1102 1109 miseratus
1120 1043 1278 1124 acerbos,

453 1209 537 1298 Qua
555 1211 625 1280 sint
642 1230 758 1278 sancta
777 1212 876 1278 docet
894 1210 970 1278 iura
990 1211 1120 1278 tuenda
1143 1211 1196 1278 via
1214 1236 1224 1288 ς

409 1380 658 1468 Indomitoque
676 1380 815 1447 animos
837 1399 1008 1447 monstrat
1027 1399 1184 1447 versante
1203 1378 1334 1463 lurore,

450 1549 598 1617 Artibus
615 1569 654 1617 ut
671 1568 815 1639 pereant
832 1550 966 1639 optima
987 1573 1148 1640 quaeque
1166 1549 1280 1618 malis.

408 1719 503 1787 Huic
520 1718 627 1786 etiarn
647 1737 761 1810 grates
782 1719 1022 1808 meritumque
1044 1719 1205 1808 rependit
1222 1741 1382 1787 amorem

450 1887 567 1958 Scotia
586 1887 794 1976 pontificum
815 1888 958 1955 sedibus
976 1906 1076 1956 aucta
1095 1889 1208 1956 novis.

404 2398 450 2463 At
467 2418 536 2484 qua
554 2395 650 2462 tarda
668 2396 749 2482 gelu
772 2413 863 2462 secat
880 2417 962 2462 arva
982 2396 1212 2486 Borysthenis
1231 2398 1341 2479 unda,

450 2565 573 2654 Regna
591 2581 715 2654 potens
732 2564 845 2632 tenuit
862 2565 992 2634 Caesar
1008 2564 1132 2653 iniqua
1152 2565 1214 2632 diu
1233 2589 1241 2652 ;

405 2735 449 2801 Et
465 2734 597 2801 sociare
618 2755 725 2800 ausus
743 2735 831 2801 bene
848 2756 937 2822 quae
959 2735 1052 2802 Deus
1070 2733 1145 2822 ipse
1162 2734 1316 2815 diremit,

447 2902 609 2992 Arripuit
626 2901 705 2970 lorti
724 2921 858 2992 sceptra
877 2904 1081 2992 pedumque
1100 2925 1220 2971 manu.

404 3071 614 3141 Perdomuit
633 3074 693 3141 sed
715 3072 812 3139 enim
837 3073 1016 3141 tumidum
1037 3091 1140 3160 atque
1162 3073 1305 3162 indigna
1332 3073 1529 3140 minantem

449 3243 499 3309 De
518 3241 630 3308 nihilo
648 3241 754 3331 pestis
770 3241 825 3308 cui
844 3263 948 3332 grave
970 3263 1098 3308 nomen
1119 3241 1220 3308 inest.

404 3410 466 3477 llla
485 3429 617 3500 patrem
638 3411 736 3500 prius
754 3429 833 3478 ante
852 3411 945 3478 diem
964 3412 1113 3479 detrusit
1133 3412 1176 3478 ad
1195 3409 1346 3490 Orcum,

448 3581 479 3649 N
487 3602 554 3647 unc
572 3580 696 3647 eadem
715 3598 796 3647 nato
814 3580 924 3648 tristia
946 3580 1014 3647 fata
1033 3599 1141 3670 parat.

403 3747 464 3816 Nil
482 3747 578 3815 iuvat
596 3748 771 3816 inclusum
790 3749 868 3816 tecti
889 3749 1130 3838 penetralibus
1151 3750 1233 3816 imis

446 3922 538 3985 Ante
559 3916 651 3985 fores
669 3917 816 4008 vigilum
834 3939 937 4006 saepe
956 3936 1081 3985 novata
1099 3918 1226 3985 cohors
1246 3943 1254 3999 3

402 4085 477 4152 Nec
495 4085 599 4153 refert
618 4104 754 4153 mutare
772 4088 922 4155 domum
943 4105 976 4152 et
993 4104 1122 4153 secreta
1144 4103 1322 4174 petentem

447 4255 528 4321 Huc
546 4254 629 4322 illuc
649 4254 770 4322 tacitos
790 4277 904 4343 usque
926 4254 1053 4322 relerre
1071 4254 1210 4344 gradus

400 4421 527 4510 Quum
546 4422 682 4491 vicibus
703 4423 792 4512 rapit
809 4442 842 4490 et
860 4424 1009 4491 revomit
1025 4422 1160 4491 cortina
1182 4445 1365 4513 vaporem,

443 4594 559 4680 Atque
579 4592 795 4660 volubilibus
812 4593 1029 4660 transvolvat
1045 4615 1127 4661 arva
1146 4593 1245 4675 rotis,
