3970 5580
997 511 1148 554 tuurrttn

579 685 748 772 Despecra
769 683 811 749 de
830 700 932 772 genre
950 705 1081 750 nurum
1101 705 1157 750 me
1181 683 1301 750 ludere
1317 706 1453 772 passus.

579 853 610 920 N
617 874 851 940 uncquoque‚
866 870 957 918 certa
971 852 1069 934 fides,
1084 853 1321 920 Holofetnem
1332 875 1372 919 ea
1385 851 1473 920 ridet
1485 852 1660 941 ineptum,

578 1021 709 1109 Meque
728 1020 841 1087 virum
867 1038 969 1109 negat
986 1039 1045 1087 aut
1064 1021 1230 1087 devotum
1250 1021 1408 1087 carmine
1426 1020 1521 1088 dicit.

581 1188 766 1256 Nimirum
787 1188 813 1254 is
833 1189 948 1256 veniet
965 1188 1086 1255 rastris
1105 1211 1182 1255 mos
1200 1189 1355 1278 denique
1378 1189 1507 1256 nostris

580 1357 728 1424 Parcere
750 1357 966 1443 virginibus,
984 1369 1112 1446 nuptas
1133 1380 1271 1424 servare
1293 1359 1453 1425 maritis!

578 1531 624 1594 Αῐ
644 1546 781 1593 noctem
797 1526 885 1592 banc
902 1548 1011 1592 voveo
1029 1527 1190 1594 dederint
1210 1527 1297 1593 mihi
1317 1527 1383 1593 sata
1399 1551 1618 1616 supremam,

580 1701 670 1762 Ante
688 1695 782 1762 diern
803 1695 868 1762 nisi
890 1696 1063 1784 primitias
1081 1713 1201 1783 captae
1221 1695 1318 1762 urbis
1338 1695 1487 1762 habebo.

582 1863 646 1931 Eia
664 1886 740 1954 age,
760 1865 858 1948 vade,
879 1887 991 1953 puer3
1011 1863 1164 1950 lepidam
1187 1863 1254 1930 huc
1277 1863 1365 1930 mihi
1388 1863 1469 1930 siste
1495 1864 1663 1952 puellam,

582 2033 718 2100 Interea
738 2055 903 2121 praesens
920 2034 1040 2100 oculos
1062 2056 1150 2122 quae
1170 2051 1287 2122 pascat
1304 2035 1451 2114 amanti,

583 2201 731 2268 Misceat
748 2220 780 2268 et
799 2201 899 2268 nivea
919 2202 1122 2292 spumantia
1145 2204 1269 2291 pocula
1286 2205 1416 2269 dextra.
1433 2229 1453 2266 >›

581 2370 715 2442 Servus
733 2370 805 2438 abir
822 2371 916 2454 leno,
935 2389 1039 2460 atque
1058 2394 1140 2438 suae
1157 2393 1227 2438 non
1247 2371 1437 2438 immemor
1457 2371 1541 2438 artis

582 2537 720 2606 Affatus
742 2538 890 2605 blandos
908 2539 1152 2627 promissaque
1173 2562 1298 2628 magna
1317 2556 1476 2621 retentat,

583 2705 622 2776 Si
642 2706 810 2796 profugae
828 2730 953 2775 sensus
970 2725 1075 2796 queat
1092 2731 1291 2798 expugnare
1314 2707 1472 2797 pudicos.

587 2874 652 2942 illa
670 2898 732 2964 per
749 2876 916 2966 ambages
934 2875 1103 2964 loquitur,
1126 2877 1317 2966 probrique
1339 2876 1484 2944 remittit

585 3044 779 3114 Suasorem
797 3044 910 3112 officio
930 3046 1058 3113 laetum
1078 3063 1111 3112 et
1128 3046 1288 3112 mercede
1308 3044 1437 3112 sutura.

632 3214 812 3301 Tempora
831 3213 1017 3280 munditiis
1036 3232 1222 3302 postquam
1242 3215 1320 3280 data
1337 3214 1425 3280 iusta
1438 3213 1623 3295 novandis,

586 3382 751 3448 Adventu
773 3381 942 3449 exhilarat
960 3399 1098 3449 coetum
1118 3382 1292 3449 concinna
1310 3382 1448 3448 virilem

588 3550 749 3632 Femina,
769 3551 947 3639 regalique
967 3551 1087 3618 babitu
1107 3551 1307 3641 pariterque
1326 3553 1484 3618 modesto

586 3718 775 3785 Accutnbit
794 3741 949 3803 mensae,
970 3719 1090 3787 nitidis
1111 3720 1228 3786 effulta
1247 3720 1382 3809 tapetis.

585 3889 766 3975 Tempore
785 3889 845 3955 sed
865 3888 962 3955 nullo
981 3911 1051 3955 non
1073 3888 1334 3955 servantissima
1351 3888 1435 3978 legis

591 4055 754 4124 Abstinet
771 4057 922 4124 externis
939 4057 1105 4143 dapibus,
1125 4080 1314 4147 parcoque,
1333 4057 1494 4125 ministra

587 4225 710 4313 Quem
732 4225 812 4294 tulit
828 4226 1032 4308 adveniam,
1056 4226 1146 4293 victu
1166 4226 1297 4293 ieiunia
1316 4229 1426 4306 sedat,

589 4398 706 4482 Atque
723 4394 863 4461 animos
878 4395 921 4461 ad
939 4413 1060 4483 coepta
1082 4412 1181 4483 parat
1200 4395 1337 4462 modico
1354 4396 1462 4462 ardua
1482 4395 1575 4462 vino.

594 4563 756 4629 Litnosae
777 4563 885 4630 veluti
904 4563 988 4630 solis
1005 4584 1117 4651 quum
1138 4562 1226 4630 forte
1245 4563 1388 4630 lacunae
