3936 5578
704 520 808 566 lunas
834 520 1057 565 MACHABAEUS

337 692 463 781 Quam
484 692 657 760 coniurati
677 693 795 761 iuncto
813 693 841 761 si
860 694 986 761 robore
1003 693 1136 760 cladem
1175 736 1180 752 ·

341 861 448 931 Nilus
465 880 498 928 et
516 863 716 951 Euphrates
734 861 840 952 Syrio
860 862 1075 930 meditentur
1092 862 1235 931 Oronti.

385 1031 489 1099 Parte
507 1031 588 1114 alia,
606 1031 706 1099 cuius
724 1048 818 1098 tanta
836 1049 1047 1121 properatur
1062 1053 1173 1120 opum
1194 1031 1226 1098 vi

341 1199 513 1282 Exitium,
531 1200 643 1268 solida
665 1223 736 1268 non
757 1217 875 1268 mente
896 1199 1100 1290 infringitur
1117 1200 1233 1282 heros,

337 1367 410 1439 Sed
428 1368 642 1436 circumfuso
662 1369 842 1436 tumulum
862 1386 1050 1458 postquam
1068 1368 1210 1458 agmine
1226 1367 1331 1458 cepit,

340 1538 409 1605 His
427 1539 470 1605 ad
489 1537 576 1606 facta
592 1538 731 1606 animos
748 1537 906 1606 incendit
922 1538 1024 1606 fortia
1041 1537 1161 1605 dictis:

333 1730 356 1769 ‹<
368 1706 407 1774 ln
427 1707 532 1774 breve
551 1707 702 1796 respexit
719 1724 858 1774 nostros
874 1729 940 1796 pax
957 1706 1107 1775 candida
1124 1724 1286 1795 tempus:

341 1877 393 1944 En
414 1876 542 1945 iterum
561 1876 674 1967 Syrus
691 1894 849 1944 assuetos
866 1897 1036 1944 renovare
1053 1875 1189 1943 furores

336 2049 509 2136 Apparat,
529 2047 712 2136 antiquam
734 2046 847 2114 Mosis
865 2046 1064 2114 rescindere
1080 2043 1172 2114 ferro

336 2217 536 2306 Aggressus
554 2216 663 2306 legem
682 2233 714 2282 et
732 2215 820 2282 ritus
833 2213 972 2282 abolere
990 2236 1183 2282 sacrorum.

338 2385 462 2452 Nosne
482 2385 569 2452 adeo
590 2383 787 2466 indecores,
805 2386 894 2451 adeo
911 2381 1049 2451 virtutis
1069 2404 1198 2473 egenos

337 2552 514 2636 Credidit,
533 2570 571 2621 ut
588 2554 697 2620 vitam
718 2553 913 2642 producere
930 2551 1079 2620 crimine
1097 2569 1238 2641 turpem

336 2721 533 2805 Vellemus,
552 2743 740 2811 seramque
757 2720 888 2810 probro
904 2721 1031 2789 debere
1048 2722 1246 2788 senectam?

336 2890 377 2962 Si
396 2891 496 2982 pueri
516 2907 651 2980 septem
670 2892 830 2959 nondum
852 2889 1071 2980 pubentibus
1091 2889 1195 2957 annis

340 3061 508 3129 Instantis
525 3061 674 3129 tolerare
691 3061 807 3128 minas
825 3060 985 3149 iramque
1003 3059 1143 3150 tyranni

339 3231 451 3298 Haud
469 3251 632 3313 renuere,
649 3229 806 3297 animam
824 3229 906 3296 certi
929 3251 992 3319 pro
1010 3229 1084 3318 lege
1102 3227 1250 3318 pacisci,

336 3397 377 3469 Si
397 3397 454 3488 pia
473 3415 637 3465 natorum
655 3415 802 3487 septeno
819 3395 941 3464 funere
960 3414 1071 3464 mater

343 3566 404 3634 Nil
422 3565 555 3634 deiecta
575 3585 691 3634 truces
709 3565 785 3634 risit
802 3566 868 3633 sub
887 3582 998 3634 morte
1016 3563 1196 3633 ministros
1215 3570 1238 3646 1,

339 3735 442 3824 Quid
464 3734 545 3804 dein
567 3734 656 3803 ferre
677 3735 742 3803 viri
760 3751 856 3802 tanta
873 3757 938 3825 pro
955 3734 1057 3803 laude
1074 3735 1289 3826 gravemur?

339 3907 416 3974 Nec
434 3927 504 3973 non
526 3905 706 3973 confectus
722 3904 886 3994 quamvis
904 3905 1094 3973 Eleazarus
1111 3927 1211 3984 aem,

336 4079 432 4144 Ante
449 4075 663 4143 inconcessis
680 4074 831 4165 dapibus
851 4097 959 4164 quam
981 4075 1114 4164 polluat
1133 4097 1207 4158 ora,

340 4244 493 4312 Fortiter
507 4243 686 4312 occumbit
704 4251 728 4326 2,
751 4265 814 4311 nec
835 4265 904 4311 non
926 4243 1166 4312 moribundus
1184 4242 1218 4310 in
1239 4243 1376 4310 hostem

326 4645 328 4648 .
400 4603 409 4633 ¹
430 4601 563 4656 Machab.
583 4602 618 4656 ΙΙ.
634 4619 660 4672 7,
680 4619 686 4654 r
703 4613 730 4657 et
744 4617 803 4671 seq.
820 4601 879 4640 —²
901 4600 935 4657 Ii.
953 4599 978 4665 6,
1000 4601 1069 4656 18et
1083 4615 1142 4670 seq.
