3972 5654
597 558 712 604 TOBlAE
739 557 893 604 lllNlORlS
919 559 1176 605 PEREGRlNATlO

344 733 518 801 Nostrum
537 732 693 822 explorat
712 755 816 815 anus,
837 731 927 799 lacta
947 731 1002 799 vix
1020 733 1110 816 luce,
1128 733 1257 813 cubile,

388 901 647 990 Mandantique
665 901 752 968 niltil
771 901 868 970 triste
886 920 1040 992 reportat
1058 903 1154 970 hero,

342 1069 486 1141 Scilicet
504 1088 541 1139 ut
559 1069 688 1139 nostris
705 1093 855 1140 somnus
872 1070 1050 1160 subrepsit
1069 1071 1201 1153 ocellis,

390 1241 534 1330 Excepit
551 1261 696 1308 consors
717 1240 885 1331 languida
904 1241 1063 1308 membra
1081 1259 1190 1308 torus.

345 1409 476 1500 Incipit
494 1409 576 1477 ltinc
594 1408 723 1477 melius
740 1409 858 1478 senior
878 1409 1053 1477 confidere
1073 1410 1192 1493 rebus,

389 1579 433 1647 Et
452 1577 521 1646 iam
540 1578 651 1646 laetus
667 1600 774 1646 avum
794 1601 829 1646 se
848 1601 1094 1668 proavumque
1112 1579 1205 1647 videt
1221 1604 1230 1662 3

342 1751 462 1837 Atque
481 1747 541 1815 ubi
559 1747 652 1816 fossa
670 1746 757 1815 mihi
778 1748 891 1838 patuit
911 1765 1097 1838 properata
1117 1747 1282 1839 sepulcri,

390 1916 561 1985 Protinus
577 1935 746 2006 exaequat
766 1935 857 1985 terra
876 1935 1009 2008 regesta
1030 1915 1161 1986 solum.

344 2085 476 2154 Indicit
493 2087 609 2175 pecori
628 2104 780 2175 stragem
799 2103 832 2152 et
846 2085 1008 2154 convivia
1027 2108 1170 2154 mensae

390 2255 567 2324 lnstaurat
588 2255 727 2342 Raguel
745 2273 1004 2345 perpetuasque
1021 2254 1142 2345 dapes.

345 2411 387 2493 I'n
408 2443 544 2515 partem
564 2447 708 2514 quoque
727 2445 781 2492 me
795 2445 921 2492 census
939 2441 1038 2492 vocat
1056 2423 1113 2491 ille
1131 2423 1289 2514 superbi,

390 2595 435 2662 Et
453 2593 579 2683 reliqui
599 2593 787 2661 haeredem
806 2593 895 2660 iusta
912 2591 1041 2660 tabella
1058 2591 1150 2660 facit.

348 2764 429 2832 Nox
447 2763 625 2831 exorando
642 2762 745 2829 datur
761 2762 868 2830 altera
889 2779 921 2830 et
938 2762 1044 2830 altera
1062 2761 1173 2841 coel0,

391 2931 531 3021 Perque
551 2930 626 3021 pias
644 2931 770 2998 teritur
785 2929 989 2998 continuata
1007 2952 1138 3020 preces.

341 3103 391 3169 At
411 3097 499 3168 mihi
518 3098 707 3166 sollicitant
725 3116 885 3188 suscepta
905 3097 1043 3188 negotia
1061 3115 1233 3178 mentem,

391 3268 435 3336 Et
452 3267 571 3335 comiti
591 3289 716 3335 sensus
733 3267 782 3334 sic
802 3266 989 3334 manifesto
1007 3288 1128 3334 meos:

344 3461 366 3500 <t
379 3439 472 3506 Nota
490 3435 568 3520 tibi,
590 3437 707 3518 frater,
726 3435 795 3502 cari
814 3436 979 3503 mandata
1002 3434 1170 3524 parentis,

393 3604 532 3692 «Quae
552 3603 640 3672 milti
661 3603 879 3672 nuncetiam
898 3603 1111 3692 perficienda
1128 3619 1287 3671 manent.

341 3775 505 3864 «Usque
524 3775 640 3863 Rages
657 3790 750 3840 recto
769 3789 930 3861 superest
947 3789 986 3838 ut
1003 3769 1114 3838 limite
1137 3792 1295 3861 pergam,

389 3967 409 4005 «
424 3942 508 4030 Qua
527 3959 644 4009 noster
661 3942 761 4008 sedes
779 3940 865 4008 urbe
887 3937 1044 4010 Gabelus
1067 3939 1182 4018 habet,

347 4135 368 4174 «
382 4110 603 4201 Argentique
622 4109 724 4178 illum
742 4108 797 4176 bis
813 4108 921 4198 quina
939 4109 1068 4176 talenta
1087 4129 1282 4198 reposcam,

390 4281 551 4347 «Mutua
570 4295 717 4370 cognato
735 4300 825 4368 quae
842 4277 939 4344 dedit
955 4295 1035 4344 ante
1053 4295 1161 4367 pater.

344 4473 367 4512 «
382 4449 441 4516 Me
458 4467 590 4530 tamen,
611 4447 692 4515 hinc
708 4448 856 4515 demum
873 4445 1011 4535 quoties
1028 4444 1205 4513 discedere
1223 4461 1332 4524 tento,

390 4619 508 4686 «Non
528 4639 625 4685 socer
640 4634 673 4685 et
690 4636 905 4698 socrus‚non
925 4637 1015 4681 nova
1034 4632 1142 4704 nupta
1161 4613 1292 4681 sinunt.

1409 541 1470 605 265
