3928 5580
334 2081 490 2172 Exiguae
508 2098 559 2149 est
576 2080 695 2162 nrolis,
718 2099 835 2148 tamen
856 2081 931 2169 ipsa
954 2079 1096 2146 Pallade
1111 2078 1262 2168 dignum

288 2249 385 2318 Artis
405 2272 509 2339 opus,
529 2249 627 2316 tereti
644 2249 806 2316 clausurn
826 2249 921 2337 quod
944 2246 1085 2336 saepius
1103 2269 1203 2326 auro,

289 2418 441 2507 Saepius
458 2435 616 2507 argeum,
636 2416 824 2508 suspendit
841 2416 993 2507 quisque
1012 2415 1152 2484 monili.

291 2587 405 2676 Inque
424 2585 505 2654 sinu
523 2585 616 2654 fovet
633 2602 667 2653 et
684 2585 789 2653 rebus
806 2586 984 2653 consultat
1000 2586 1146 2675 agendis
1162 2611 1170 2664 ς

293 2753 555 2823 praetereuntis
574 2753 620 2820 ibi
640 2753 805 2843 geminus
824 2776 904 2820 narn
927 2752 1097 2843 temporis
1116 2753 1219 2820 index

292 2924 332 2990 ln
351 2922 448 2989 disco
467 2922 599 3011 positas
616 2922 740 3012 spatiis
761 2921 973 3011 aequalibus
991 2924 1093 2989 horas

291 3091 469 3161 Circinat:
487 3091 574 3157 alter
593 3091 700 3173 iners,
719 3090 841 3157 oculos
862 3090 1005 3158 fallente
1024 3109 1156 3174 meatu,

294 3261 344 3327 De
362 3259 465 3349 signo
484 3259 516 3325 in
537 3259 678 3348 signum
697 3261 781 3327 durn
802 3259 928 3350 pergit,
948 3260 1085 3350 longior
1108 3261 1193 3327 alter

292 3429 531 3496 Cunctantem
551 3450 724 3517 properus
741 3427 902 3516 sequitur
919 3427 1115 3517 transitque
1134 3429 1304 3519 fugitque,

294 3597 434 3685 Perque
452 3614 552 3663 notas
565 3597 680 3663 decies
699 3619 801 3663 senas
818 3597 974 3664 solidum
992 3597 1098 3687 exigit
1114 3599 1250 3665 orbern.

296 3767 432 3833 Horam
452 3767 540 3833 adeo
562 3766 741 3833 volucrenr
761 3789 825 3854 pro
844 3789 879 3833 se
899 3766 1043 3834 metitur
1060 3783 1221 3856 uterque,

297 3937 339 4002 Et
357 3936 463 4002 modo
481 3934 638 4017 diducta,
661 3935 778 4002 iuncta
800 3937 906 4002 modo
927 3935 1072 4026 cuspide
1089 3935 1215 4025 signat.

342 4103 420 4170 Hoc
438 4103 498 4169 ubi
516 4102 605 4170 forte
620 4102 737 4170 infans
754 4126 840 4171 usus
858 4103 1002 4194 ignarus
1020 4122 1052 4171 et
1069 4105 1153 4171 artis

295 4271 406 4354 Vidit,
425 4294 467 4339 eo
487 4271 592 4338 simul
611 4289 644 4339 et
661 4272 807 4361 potitur,
828 4274 1064 4363 inanibusque
1086 4275 1222 4342 tenellis

296 4443 420 4509 Versat
440 4463 531 4530 opus
552 4439 721 4522 nitidurn,
743 4444 959 4532 quandoque
992 4443 1096 4512 etiarn
1116 4447 1279 4513 adtnovet
1297 4447 1372 4513 auri

298 4609 462 4676 internos
479 4609 628 4699 cupiens
647 4611 770 4700 pulsus
788 4611 1019 4701 deprendere,
1037 4631 1070 4680 et
1090 4636 1168 4681 acer
