3970 5580
834 561 987 606 lUDlTllA

414 735 580 815 Incessaa
601 733 778 801 timidisve
797 754 932 802 metum
951 735 1062 802 facere
1080 736 1207 802 obvius
1225 735 1328 802 ausit.

417 905 509 994 Ergo
528 904 719 970 volvuntur
737 904 854 971 rnedio
872 926 985 992 quutn
1008 905 1120 971 sidera
1137 905 1251 993 lapsu,

414 1074 490 1140 lma
509 1091 632 1162 petunt
651 1073 764 1154 vallis,
784 1072 910 1140 vitreas
929 1074 988 1141 ubi
1008 1073 1164 1140 lubricus
1183 1075 1295 1140 undas

415 1243 527 1310 Rivus
548 1241 630 1331 agit,
654 1260 844 1329 tractaeque
865 1243 982 1308 locunt
1001 1265 1106 1330 quern
1123 1243 1311 1309 conrntoda
1330 1261 1414 1310 voto

415 1413 555 1479 Fronde
573 1411 656 1501 tegit
673 1433 785 1492 carex,
810 1411 890 1478 vivo
910 1405 972 1478 ¹sua
993 1433 1141 1499 corpora
1158 1410 1254 1478 fonte

414 1581 652 1664 perfundunt,
671 1604 755 1670 quo,
774 1581 859 1647 dum
877 1580 1041 1647 scelerata
1063 1580 1098 1647 in
1117 1599 1218 1670 gente
1237 1599 1438 1662 morantur,

413 1749 450 1820 Si
470 1773 538 1838 qua
560 1773 685 1838 parurn
704 1749 815 1816 cautis
833 1750 976 1817 tulerint
992 1749 1153 1840 contagia
1173 1750 1301 1830 labent,

414 1920 517 1987 Eluat
535 1922 630 1986 unda
650 1918 758 1986 nefas.
781 1920 943 1987 Necnon
964 1919 1178 2007 praetexitur
1194 1937 1291 1986 astus

412 2086 601 2158 Sacrorum
621 2089 751 2177 specie,
770 2089 831 2177 qui
851 2111 893 2154 ne
910 2087 1092 2176 frangatur
1112 2087 1241 2164 inanis,

378 2259 380 2262 ’
414 2257 483 2323 Per
498 2275 614 2323 ternas
631 2255 757 2324 iterant
774 2275 933 2344 suscepta
953 2255 1089 2345 piacula
1109 2274 1239 2322 noctes.

460 2425 562 2490 Festa
581 2425 677 2492 venit
695 2426 752 2492 lux
769 2425 938 2515 Assyriis,
960 2444 1115 2514 potuque
1134 2424 1291 2513 iocisque

413 2592 535 2681 Quam
553 2594 729 2660 celebrare
747 2595 883 2661 solent:
904 2592 1030 2661 vitium
1050 2616 1247 2682 propensus
1266 2593 1300 2660 in
1319 2615 1428 2660 ornae

413 2762 607 2832 Servorum
626 2763 668 2830 ad
686 2784 834 2829 coenam
851 2763 975 2829 ductor
993 2779 1091 2828 vocat
1112 2761 1237 2829 ordine
1255 2761 1401 2850 primos.

412 2931 640 3000 Concurrunt
656 2931 787 2999 alacres
803 2957 810 2997 :
829 2948 976 2998 onerant
995 2929 1189 2998 lautissima
1208 2952 1369 2997 mensam

414 3100 573 3182 Facula,
591 3100 837 3188 collucentque
855 3121 941 3166 auto
959 3121 1128 3189 generosa
1149 3098 1269 3188 capaci

411 3268 516 3348 Vina,
538 3267 747 3335 Palaestinis
765 3269 944 3334 exundant
961 3267 1079 3357 qualia
1098 3268 1216 3357 prelis.

414 3436 611 3505 Haustibus
629 3454 667 3504 ut
687 3437 818 3504 crebris
835 3437 937 3505 cessit
956 3437 1150 3505 reverentia
1169 3436 1297 3518 famae,

412 3604 674 3694 Sermonesque
694 3607 824 3696 vigent,
841 3607 1027 3696 cordisque
1046 3629 1171 3674 arcana
1191 3623 1387 3694 patescunt,

412 3775 470 3845 Sic
489 3775 603 3843 verbis
621 3775 788 3842 dontinus
806 3775 976 3864 permittit
993 3778 1091 3843 frena
1111 3772 1310 3864 protervis:

411 3943 506 4014 «Sol
525 3962 648 4032 quater
668 3945 819 4034 explevit
837 3967 995 4028 cursum,
1015 3944 1176 4011 felicibus
1194 3966 1235 4011 ex
1253 3966 1324 4031 quo

412 4112 592 4201 Auspiciis
611 4114 750 4192 mulier,
770 4138 838 4203 qua
858 4137 927 4182 non
950 4113 1185 4204 praestantior
1205 4114 1274 4181 ulla

413 4283 571 4372 Corpore
592 4285 645 4351 vel
663 4286 773 4367 cultu,
796 4285 899 4352 nobis
917 4309 952 4352 se
968 4285 1113 4353 tradidit
1131 4285 1235 4365 ultro,

414 4453 457 4519 Et
473 4492 516 4501 —
533 4455 650 4540 pudor
667 4472 716 4520 est
734 4453 812 4536 fari,
833 4494 877 4503 —
898 4455 1060 4522 nondum
1083 4453 1170 4522 milti
1190 4453 1308 4521 debita
1329 4453 1446 4519 solrit.

415 4623 588 4690 Fraudavi
608 4623 752 4713 genium
773 4647 891 4691 vecors
912 4642 945 4691 et
967 4642 1044 4691 vota
1063 4623 1226 4713 repressi,
