3972 5654
373 1223 568 1333 SERVl
609 1225 874 1334 ELIEZER
912 1225 1020 1332 AD
1058 1227 1419 1335 ABRAHAM

745 1574 1055 1660 EPISTOLA

378 2431 489 2500 Fidus
506 2454 569 2500 ave
586 2455 709 2501 servus
727 2451 818 2500 terra
836 2432 898 2500 tibi
918 2432 1024 2501 mittit
1041 2433 1084 2500 ab
1103 2434 1175 2514 illa,

421 2602 525 2689 Quae
544 2602 662 2670 media
679 2625 697 2670 a
715 2603 858 2692 gemino
876 2602 1024 2670 flumine
1045 2625 1176 2671 nomen
1196 2603 1314 2672 habet.

375 2770 550 2843 Sacrificis
568 2771 669 2838 adole
689 2770 759 2838 iam
778 2793 872 2838 nunc
890 2771 1010 2840 altaria
1047 2771 1217 2854 flammis,

421 2940 465 3009 Et
481 2939 580 3008 cadat
597 2956 753 3008 actutum
773 2939 913 3008 victima
931 2958 1010 3007 vota
1027 2941 1113 3008 De0.

373 3108 556 3177 Vicimus:
575 3131 653 3177 ecce
672 3109 767 3176 venit
783 3108 912 3176 coniux
932 3108 1172 3198 pulcherrima
1191 3127 1274 3177 nato

420 3279 526 3346 Pacta
546 3295 620 3360 tu0,
640 3300 711 3367 quo
729 3301 800 3344 non
820 3279 926 3346 altera
943 3277 1049 3367 digna
1067 3280 1190 3368 magis.

376 3449 473 3516 Haec
490 3469 631 3515 summa
649 3464 719 3528 est3
738 3463 856 3513 tamen
875 3463 1021 3513 eventus
1038 3468 1077 3513 ex
1095 3447 1219 3515 ordine
1237 3447 1412 3537 pandam,

418 3618 471 3685 Re
489 3616 579 3684 bene
596 3617 682 3684 dum
701 3634 796 3706 gesta
816 3616 955 3705 singula
974 3637 1076 3683 nosse
1095 3615 1205 3683 iuvat.

374 3788 425 3855 De
443 3787 542 3854 coelo
557 3804 674 3853 custos
692 3783 895 3876 properanti
915 3784 1066 3874 pervigil
1086 3785 1212 3867 haesit,

419 3957 462 4024 Et
479 3954 546 4022 sibi
567 3953 747 4022 commissi
770 3953 857 4022 rexit
871 3953 1008 4022 amicus
1027 3953 1092 4021 iter
1108 3980 1118 4036 ς

372 4116 502 4205 Meque
520 4117 599 4184 data
618 4115 791 4205 urgebant
809 4115 876 4183 ritu
896 4114 1070 4204 promissa
1089 4133 1239 4195 vetusto,

416 4288 609 4379 Supposira
630 4287 724 4378 tetigi
744 4309 855 4377 quum
874 4305 932 4354 tua
950 4309 1051 4354 crura
1070 4308 1193 4353 manu.

371 4462 459 4530 lnde
477 4460 527 4529 tui
545 4459 649 4528 citius
666 4457 810 4548 perveni
827 4457 869 4524 ad
888 4455 1029 4524 moenia
1047 4454 1175 4537 fratris,

415 4631 520 4720 Quae
537 4627 679 4698 modico
696 4647 847 4720 surgunt
867 4649 937 4695 non
959 4627 1155 4715 iramagna
1174 4628 1268 4719 iugo.
1337 4717 1355 4765 8

1321 4732 1326 4764 Ι
