3972 5654
707 539 863 584 SUllllllUlll
890 540 1102 584 PONTIFICEM

363 716 476 780 Arma
494 734 613 808 preces
632 734 735 800 saepe
755 711 953 802 infringunt
971 713 1124 781 victricia
1142 733 1267 791 castae,

409 882 484 949 Nec
502 881 633 970 pavitat
650 881 726 948 visu
746 881 864 948 territa
883 883 997 950 Roma
1015 883 1115 950 truci.

366 1049 430 1116 llla
451 1048 544 1117 leros
562 1049 680 1118 hostes
697 1049 802 1117 etiam
822 1050 973 1118 debellat
991 1051 1135 1119 inermis
1154 1078 1161 1118 :

409 1219 542 1301 Altera,
565 1218 763 1301 nadabia,
783 1238 880 1308 parta
899 1220 1055 1289 Canossa
1076 1220 1138 1288 tibi
1157 1238 1219 1288 est.

365 1389 461 1456 Dum
484 1388 622 1477 loquor,
642 1411 718 1456 ecce
736 1388 853 1480 agitur
870 1407 1029 1478 suspecta
1048 1390 1203 1480 potentia
1223 1412 1401 1480 praeceps,

409 1555 593 1647 Opprimit
610 1575 644 1624 et
659 1580 741 1625 casu
761 1576 864 1646 teque
885 1576 1035 1647 tuosque
1052 1558 1163 1648 gravi.

364 1725 426 1796 Sic
444 1727 566 1793 vulsus
587 1744 738 1794 statuam
758 1745 796 1794 ut
812 1726 930 1814 tetigit
945 1729 987 1795 de
1009 1746 1128 1795 monte
1147 1727 1301 1818 lapillus,

409 1895 555 1983 Quanta
574 1895 640 1963 fuir
656 1895 774 1963 subito
791 1897 923 1963 corruit
940 1897 1004 1964 icta
1027 1900 1168 1986 pedem,

368 2065 412 2132 Et
431 2064 537 2131 modo
554 2064 717 2154 tangebat
735 2065 827 2132 celso
844 2087 934 2154 quae
954 2065 1080 2133 vertice
1099 2067 1223 2144 nubes,

411 2233 616 2302 Ruderibus
634 2235 699 2300 late
720 2233 872 2322 contegit
889 2256 995 2300 omne
1016 2234 1142 2301 solum.

366 2403 380 2469 1
400 2425 508 2483 nunc,
533 2402 720 2484 Herberte,
740 2420 772 2469 et
789 2402 1005 2469 clamoribus
1025 2425 1103 2470 orsa
1123 2404 1294 2491 protervis

410 2571 632 2660 Comprime,
651 2593 741 2659 quae
761 2570 897 2638 vicibus
915 2593 1044 2660 rexque
1064 2574 1207 2660 Leoque
1225 2590 1357 2640 serunt.

364 3079 510 3167 Tuque,
529 3078 629 3167 prius
648 3077 783 3145 validae
800 3077 951 3166 genitrix
972 3078 1133 3144 animosa
1152 3078 1326 3160 iuventae,

413 3246 542 3330 Gallia,
562 3269 656 3314 nunc
672 3246 779 3314 sterili
801 3247 1029 3336 despicienda
1047 3247 1143 3328 sinu,

369 3417 463 3484 Dum
484 3417 612 3484 metuis
630 3416 818 3505 studioque
835 3437 936 3482 caves
959 3417 1047 3482 male
1066 3438 1149 3482 sana
1168 3414 1321 3483 nefando

413 3584 627 3675 Multiplicet
644 3602 764 3675 partus
781 3609 824 3652 ne
843 3607 933 3651 nova
953 3603 1061 3674 nupta
1077 3606 1174 3666 sune,

369 3754 469 3822 Neve
488 3753 689 3820 minutatim
708 3754 799 3820 bona
818 3753 888 3821 sint
907 3753 1082 3843 discerpta
1103 3753 1247 3832 vereris,

415 3923 526 3989 Hoste
547 3939 626 3988 tuae
645 3922 757 3988 multo
778 3921 1000 4010 diripiuntur
1016 3943 1112 4010 opes.

367 4091 426 4159 Ah
449 4091 539 4158 male
558 4089 765 4179 dispereunt
783 4091 944 4157 viduatae
964 4089 1101 4156 civibus
1118 4088 1237 4168 urbes,

413 4259 534 4327 Allicit
553 4278 586 4327 et
603 4258 698 4327 sures
715 4260 788 4325 sola
810 4259 927 4326 relicta
945 4259 1084 4326 domus.

369 4427 518 4516 Percipe
537 4451 632 4496 nunc
649 4429 772 4495 saltem
791 4428 900 4494 sancti
919 4445 1102 4517 praecepta
1124 4426 1290 4516 parentis,

415 4597 589 4684 Coniugii
609 4597 740 4687 promit
757 4596 819 4686 qui
837 4614 923 4664 stata
945 4596 1020 4664 iura
1039 4597 1164 4686 palam.
