3970 5580
550 1005 657 1113 AD
699 1007 1020 1119 lUVENElll
1061 1005 1314 1114 SATlRA

881 1343 985 1362 -400--

346 1709 538 1801 Ingenium
556 1711 651 1799 quod
673 1710 804 1800 grande
826 1708 888 1776 tibi
908 1727 959 1777 est
979 1709 1165 1798 variasque
1183 1731 1245 1798 per
1262 1727 1353 1775 artes

346 1879 549 1961 Excultum,
569 1900 632 1946 nec
653 1879 753 1946 abest
769 1877 940 1945 facundae
958 1877 1068 1968 gratia
1090 1877 1245 1968 linguae,

345 2047 528 2137 Quodque
545 2048 658 2114 alacer
676 2047 818 2114 nullum
835 2046 978 2114 dubitas
995 2045 1149 2136 perferre
1170 2046 1342 2127 laborem,

346 2217 417 2284 Res
434 2215 580 2304 quando
600 2231 712 2294 vocat,
736 2213 818 2281 hinc
836 2236 963 2281 census
978 2211 1109 2300 augere
1127 2230 1292 2303 paternos

344 2383 522 2466 Confidis,
543 2404 765 2473 magnosque
782 2383 845 2450 tibi
864 2382 1042 2474 promittis
1060 2383 1223 2452 honores.

344 2551 379 2622 Ο
396 2551 546 2642 simplex
565 2551 798 2641 lepidumque
815 2571 934 2641 caput,
954 2552 1011 2620 cui
1029 2570 1190 2641 tempora
1208 2554 1371 2620 nondum

346 2723 444 2790 Haec
462 2721 607 2810 liqueta
627 2720 740 2789 Flacci
763 2743 872 2810 quam
892 2720 1024 2789 distent
1039 2725 1222 2811 tempore!
1245 2721 1325 2789 Non
1346 2720 1406 2809 qui

346 2890 459 2959 Multa
476 2890 556 2958 tulit
573 2888 725 2979 fecitque
748 2911 849 2979 puer,
870 2891 1011 2958 sudavit
1031 2907 1064 2958 et
1080 2890 1173 2972 alsit,

347 3059 452 3127 Nunc
470 3060 625 3148 palmam
647 3059 704 3126 ille
722 3058 822 3142 feret,
842 3080 966 3127 verum
983 3059 1043 3147 qui
1062 3058 1211 3127 callidus
1227 3077 1303 3126 astu

346 3227 524 3317 subripit,
542 3246 603 3296 aut
620 3229 719 3296 nullo
736 3230 866 3296 sudore
884 3227 951 3294 sibi
970 3245 1109 3318 arrogat
1125 3228 1249 3294 audax.

348 3396 518 3485 Undique
538 3395 699 3464 certatim
720 3418 790 3463 non
815 3397 994 3464 Fortunae
1012 3395 1140 3485 aspicis
1159 3413 1270 3463 arctas

345 3563 519 3634 Obsideat
535 3586 625 3653 quae
646 3564 748 3632 turba
767 3564 885 3632 fores?
912 3565 1035 3653 Quem
1052 3584 1090 3633 tu
1110 3564 1208 3655 prius
1227 3563 1319 3632 intro

346 3734 546 3802 Venturum
566 3733 678 3802 reris?
700 3733 824 3801 timida
843 3755 930 3802 num
953 3755 1035 3802 voce
1054 3752 1269 3823 precantem,

349 3904 398 3972 Ut
414 3901 480 3971 sibi
497 3903 668 3970 decedant
685 3903 781 3970 surdi
799 3903 809 3968 Ξ
828 3924 871 3969 an
890 3901 950 3984 qui
974 3901 1090 3988 iurgia
1110 3903 1265 3970 miscens

347 4071 560 4141 Summovet
575 4070 754 4139 obstantes
774 4070 908 4155 cubito,
927 4072 981 4139 vel
998 4072 1166 4161 praeterit
1182 4091 1255 4141 arte
1272 4073 1283 4139 Ξ

348 4241 442 4330 Ergo
462 4238 611 4308 sollicita
630 4241 774 4329 quando
794 4240 989 4308 ambitione
1006 4241 1151 4325 teneris,

348 4410 393 4478 Et
408 4409 472 4477 tibi
490 4431 659 4500 quaerere
678 4432 763 4499 opes
780 4409 954 4500 turbaque
972 4433 1151 4502 emergere
1168 4428 1302 4479 certum
1324 4430 1388 4495 est,

349 4577 535 4668 Imprimis
552 4577 694 4646 habitus
711 4579 795 4646 istos
817 4580 1004 4669 vultusque
1026 4582 1200 4668 pudentes
