3972 5654
503 436 564 500 312
943 456 990 498 ao
1011 456 1152 500 icosi-..u
1173 457 1234 500 xm

548 633 668 718 Atque
685 629 752 696 sibi
771 647 936 696 metuunt
952 650 996 695 ne
1012 627 1098 695 falsa
1117 647 1277 697 occurrat
1297 629 1426 720 imago,

595 798 718 888 Effigie
735 819 847 886 quum
869 819 905 864 se
926 797 1159 886 multiplicata
1180 799 1310 866 rident.

549 968 618 1034 Hic
636 990 780 1056 quoque
796 985 992 1034 cernuntur
1011 986 1192 1034 tranantes
1211 969 1352 1035 aethera
1370 967 1499 1048 nimbi,

593 1135 666 1207 Seu
684 1137 796 1203 cirros
812 1136 995 1207 simulant.
1013 1159 1075 1203 seu
1094 1137 1201 1205 struis
1219 1137 1330 1204 instat
1346 1136 1458 1216 inest;

554 1306 672 1393 thue
691 1305 760 1371 illis
776 1305 929 1394 gravitas
948 1305 1154 1394 speciesque
1173 1323 1323 1372 noratur
1344 1305 1377 1371 in
1398 1307 1516 1386 horas,

594 1473 708 1561 Saepe
726 1495 850 1564 graves
870 1473 1022 1563 pluvias,
1041 1495 1145 1564 saepe
1165 1497 1288 1542 serena
1306 1473 1435 1542 lerunt.

549 1642 649 1710 Haec
665 1643 753 1710 adeo
771 1661 803 1710 te
819 1664 901 1710 cura
918 1661 1026 1715 tenet.
1049 1660 1158 1731 pater,
1181 1665 1251 1709 una
1270 1643 1432 1710 laborum

596 1811 657 1878 Est
676 1833 822 1899 operam
840 1810 931 1878 lesso
948 1811 1003 1878 cui
1028 1811 1161 1879 variare
1181 1811 1295 1899 quies.

547 1982 643 2048 Tum
665 1981 773 2048 semel
791 1999 895 2070 atque
914 1981 1041 2048 iterum
1060 1980 1243 2048 ferientem
1264 1982 1422 2049 carmina
1440 1979 1572 2071 plectro

594 2149 740 2239 Abripit
757 2151 791 2216 in
814 2169 930 2240 partes
948 2151 1052 2216 Musa
1071 2171 1199 2217 canora
1218 2172 1309 2217 suas.

552 2319 714 2407 lmplicat
732 2320 816 2387 haec
834 2319 897 2385 tibi
914 2319 1050 2386 crinem
1068 2319 1164 2407 apio,
1182 2320 1372 2408 doctasque
1389 2342 1528 2387 sorores

594 2491 775 2556 Advocat:
796 2489 915 2555 omnis
932 2487 1030 2555 adest
1046 2510 1086 2555 ex
1106 2488 1279 2556 Helicone
1296 2489 1451 2568 clrorus3

549 2663 666 2748 Atque
689 2658 818 2748 premit
834 2680 950 2738 voces,
973 2658 1075 2724 Latio
1095 2680 1207 2747 quum
1227 2675 1379 2747 syrmate
1399 2659 1515 2725 clarus

594 2827 733 2895 Aoniae
751 2845 864 2895 tentas
881 2849 1035 2895 consona
1057 2828 1113 2893 lila
1132 2827 1250 2912 lyrae:

551 2994 634 3066 Sive
655 2996 772 3086 elegos
788 3013 925 3064 moesto
942 2995 1058 3065 tristes
1075 2995 1227 3063 effundis
1247 2996 1291 3062 ab
1308 3018 1383 3074 ore,

595 3164 667 3235 Seu
687 3164 837 3254 lyricum
855 3183 993 3244 tractas,
1012 3165 1142 3232 nobilis
1159 3183 1245 3244 arte,
1265 3164 1388 3232 melos.

553 3333 715 3401 Barbitos
732 3351 770 3401 ut
788 3333 900 3422 posita
918 3353 982 3415 est,
1002 3334 1118 3401 lauros
1136 3333 1283 3402 inclinat
1299 3334 1442 3423 Apollo,

597 3503 640 3570 Et
657 3502 803 3591 plausus
821 3503 951 3570 alacres
968 3503 1118 3572 Castalis
1135 3526 1196 3570 ora
1214 3502 1329 3570 refert.

552 3672 666 3744 Vana.
687 3671 774 3760 quid
792 3671 909 3739 effutis
928 3691 1047 3740 vatum
1065 3690 1278 3752 commenta,
1299 3673 1478 3739 vetustas?

596 3841 777 3930 Tempora
798 3840 887 3907 mira
906 3839 1019 3930 magis
1039 3862 1191 3929 veraque
1210 3859 1328 3908 nostra
1350 3840 1481 3908 vident.

550 4009 688 4077 Vertice
706 4010 891 4098 supposito
909 4031 972 4076 nec
990 4009 1086 4076 enim
1104 4031 1215 4098 quum
1234 4009 1376 4076 sustulit
1392 4010 1529 4091 orbem,

600 4180 726 4246 Fertur
742 4177 841 4245 Atlas
857 4177 978 4268 digitis
999 4178 1216 4267 increpuisse
1233 4179 1373 4268 chelyn.
