3970 5580
629 535 665 580 IN
691 536 868 580 MULIERES
894 537 1138 583 EMANCIPATAS
1412 544 1470 607 117

404 713 450 776 At
467 731 591 798 capere
609 709 724 798 ampla
744 727 841 797 putet
858 711 999 777 sudoris
1017 710 1188 800 praemia,
1208 714 1305 801 quod
1326 735 1396 782 non

405 880 476 946 Res
494 877 635 945 iubeam
657 876 724 945 sibi
744 878 872 946 habere
893 901 974 945 suas
992 898 1024 946 et
1040 881 1162 948 cedere
1181 881 1291 949 tectis.

403 1048 474 1114 Ista
494 1046 558 1114 viri
574 1065 756 1137 peragant,
779 1068 898 1114 vecors
919 1065 978 1115 aut
993 1048 1124 1116 femina
1142 1049 1169 1117 si
1189 1073 1258 1139 qua

404 1215 573 1306 Coniugii
597 1216 755 1283 nondum
778 1216 917 1284 servilia
940 1218 1078 1284 vincula
1098 1217 1215 1308 rupit:

405 1388 483 1455 Nos
504 1386 638 1453 maiora
658 1403 805 1453 vocant:
826 1408 943 1454 rerum
964 1389 1169 1476 perquirere
1186 1411 1320 1474 causas,

406 1555 657 1644 ingenuasque
675 1555 837 1622 animum
856 1555 951 1624 iuvat
969 1579 1128 1624 exercere
1146 1580 1208 1646 per
1227 1577 1328 1626 artes.

406 1725 610 1815 Ringantur
627 1723 718 1806 licet,
741 1743 774 1791 et
790 1725 930 1793 coelum
948 1725 1095 1794 miscere
1113 1725 1290 1816 prosundo

409 1894 533 1981 Usque
551 1892 614 1960 viri
634 1910 780 1975 tentent,
800 1908 866 1960 stat
887 1893 935 1960 nil
953 1916 1026 1962 non
1044 1917 1187 1962 noscere
1204 1918 1295 1984 quae
1313 1918 1377 1964 nos

403 2061 502 2132 Scire
525 2079 655 2144 vetant,
676 2080 708 2129 et
725 2084 814 2150 quas
834 2062 938 2130 fixere
960 2063 1105 2153 refigere
1122 2064 1239 2153 iege53

411 2230 714 2319 Conveniuntque
740 2231 841 2298 novis
865 2231 1042 2320 siquidem
1070 2255 1161 2300 nova
1187 2233 1333 2302 nomina
1353 2236 1470 2320 rebus,

408 2399 485 2466 Nos
503 2398 657 2466 medicas
676 2421 793 2488 porr0‚
811 2398 982 2468 doctrices
999 2399 1279 2490 causidicasque,

404 2566 614 2657 Scriptrices
631 2567 869 2656 oratricesque
887 2567 1089 2657 sophasque
1106 2568 1231 2635 salutet

404 2737 556 2826 Vulgus,
577 2753 609 2803 et
627 2735 683 2803 his
701 2737 770 2803 iam
791 2757 885 2803 nunc
902 2753 1078 2804 assuescat
1096 2735 1241 2804 vocibus
1256 2759 1368 2806 aures.

404 2907 503 2988 Mox,
526 2905 585 2974 ubi
604 2906 793 2973 constituet
810 2905 974 2972 sublimis
991 2905 1087 2974 curia
1105 2906 1198 2995 plebi

407 3076 501 3158 lura,
522 3075 712 3143 senatrices
733 3075 882 3142 miretur
899 3074 1002 3143 turba
1020 3077 1204 3144 verendas.

408 3246 507 3313 Haec
524 3266 680 3326 summa,
700 3243 767 3311 huc
785 3266 850 3310 nos
867 3243 1058 3312 unanimes
1073 3245 1260 3311 tendamus
1277 3261 1427 3334 oportet,

406 3413 706 3502 Propositumque
724 3410 822 3479 dabit
840 3411 943 3479 nobis
962 3410 1148 3479 concordia
1166 3412 1370 3500 palmam.»

458 3581 570 3651 Desiit
592 3582 648 3648 hic
666 3581 807 3664 mulier,
826 3581 1025 3670 plausuque
1045 3597 1185 3669 excepta
1204 3580 1365 3664 recessit3

409 3753 483 3821 Nec
501 3774 616 3835 mora,
638 3774 696 3820 sex
715 3769 848 3842 septem
868 3752 970 3820 detur
987 3750 1053 3818 sibi
1069 3750 1170 3840 copia
1188 3749 1285 3818 sandi

388 3921 637 4010 'Exposcun13
659 3920 766 3988 simul
785 3919 952 4003 iniussae,
972 3921 1065 3988 haud
1084 3920 1244 3988 obstante
1260 3921 1398 4004 decore,

406 4089 587 4160 Scandere
605 4107 811 4181 suggestum
829 4106 975 4172 certant,
993 4111 1100 4178 seque
1122 4089 1203 4157 inde
1222 4087 1376 4156 vicissim

409 4260 606 4327 Deturbare
625 4260 771 4327 volunt:
791 4258 1029 4348 nequicquam
1048 4280 1131 4326 voce
1149 4280 1328 4348 manuque

405 4427 564 4518 Corripit
582 4427 773 4496 indomitas
790 4429 985 4517 suadetque
1002 4427 1139 4496 silentia
1158 4449 1310 4517 praeses.

406 4597 505 4664 Ilicet
525 4597 643 4666 omnis
661 4597 733 4665 abit
750 4597 864 4665 studia
884 4596 917 4664 in
937 4595 1111 4665 contraria
1129 4614 1262 4680 coetus,
