3970 5580
1003 476 1154 520 ruotrua

582 647 693 737 Quod
712 666 885 738 superest,
902 648 1031 716 mediis
1048 672 1087 716 ex
1110 649 1272 717 hostibus
1293 649 1389 739 eripe
1410 667 1535 732 tutam,

584 819 813 907 Eventusque
831 817 920 884 meis
937 818 1079 885 redeam
1098 817 1174 885 sine
1193 818 1317 886 nuntia
1336 817 1426 886 laeti.

583 985 647 1057 Sin
666 1005 783 1054 tamen
803 987 1009 1054 exstinctam
1028 987 1154 1070 mavis,
1174 989 1426 1055 tantummodo
1443 1005 1556 1055 morte

584 1157 639 1224 Ne
657 1156 818 1245 graviora
835 1155 958 1223 feram.
975 1183 995 1218 »
1016 1157 1097 1223 Non
1116 1157 1218 1245 plura
1240 1157 1353 1223 locuta
1370 1176 1518 1224 cruento

582 1325 724 1414 Corpus
742 1325 847 1392 inane
864 1341 942 1392 toro
959 1324 1125 1407 devolvit,
1143 1347 1251 1413 quem
1273 1347 1380 1414 super
1397 1327 1538 1393 adstans

582 1497 682 1562 Auro
700 1493 829 1561 intexta
846 1493 941 1583 gravi
964 1493 1068 1561 solvit
1088 1493 1238 1582 conopia
1256 1493 1389 1574 fulcris,

583 1663 825 1751 Ablatumque
843 1661 958 1751 operit
974 1679 1066 1730 texto
1084 1680 1209 1752 caput:
1229 1663 1337 1730 inscia
1358 1685 1491 1739 rerum,

584 1829 655 1900 Sed
672 1830 838 1897 dominae
861 1829 992 1898 famula
1009 1831 1176 1920 exsangui
1197 1831 1376 1920 pavefacta
1393 1833 1509 1899 colore

584 2001 733 2067 Tectum
757 1999 901 2068 immitit
917 2022 1009 2066 onus
1026 2022 1144 2089 perae,
1164 1999 1366 2088 fascemque
1383 2001 1611 2068 tremendum

584 2167 723 2237 Attollit
741 2168 870 2252 nitens,
889 2185 923 2236 et
940 2169 1073 2236 cervice
1091 2185 1187 2257 aptat
1203 2169 1288 2236 anili
1307 2194 1316 2249 ς

586 2337 688 2418 lade,
708 2337 803 2404 velut
820 2336 964 2404 solitum
983 2337 1163 2405 lustralem
1182 2337 1247 2405 iter
1263 2355 1353 2405 esset
1369 2338 1413 2404 ad
1434 2337 1580 2413 undam,

589 2504 773 2595 Suspenso
792 2506 952 2596 relegunt
967 2529 1091 2596 gressu
1115 2508 1189 2574 loca
1208 2509 1312 2596 plena
1329 2505 1480 2574 timoris.

590 2674 693 2741 Luna
710 2691 955 2763 opportunum
977 2673 1091 2741 solido
1109 2674 1212 2742 iubar
1229 2674 1351 2742 extulit
1367 2674 1466 2754 orbe,

589 2842 663 2909 Nec
681 2859 798 2910 tamen
817 2841 976 2910 attonitis
996 2843 1100 2910 solvit
1117 2842 1307 2911 formidine
1327 2842 1486 2910 membra
1502 2865 1510 2930 ;

589 3009 705 3098 Quin,
723 3011 810 3078 dum
830 3010 925 3078 mille
943 3034 1066 3101 graves
1083 3010 1315 3080 circumstant
1333 3012 1491 3100 undique
1509 3033 1623 3094 casua

588 3180 693 3247 Mens
711 3180 849 3248 turbata
871 3204 962 3248 nova
983 3200 1016 3248 et
1034 3181 1200 3270 propiora
1221 3178 1377 3270 pericula
1394 3176 1506 3268 fingit.

588 3350 721 3416 Terror
739 3349 828 3416 inest
847 3349 1036 3417 hominum
1054 3348 1189 3417 formas
1208 3347 1429 3415 imitantibus
1447 3345 1596 3428 umbris,

589 3519 852 3605 Terroremque
870 3517 986 3586 ferunt
1001 3518 1148 3609 agitatae
1167 3517 1310 3585 flamine
1330 3515 1487 3584 frondes.

593 3688 698 3755 Nunc
719 3687 825 3755 etiam
840 3710 859 3754 a
876 3706 974 3777 tergo
992 3688 1181 3772 lugentum
1199 3709 1341 3776 surgere
1360 3685 1457 3752 visus

591 3847 756 3935 Plangon
776 3864 808 3914 et
825 3847 939 3915 audiri
958 3849 1091 3915 clamor
1111 3847 1347 3937 strepitusque
1365 3862 1591 3935 sequentum.

591 4013 789 4084 Occursant
806 4015 935 4084 iterum
954 4016 1091 4106 vigiles,
1109 4017 1169 4084 sed
1187 4015 1248 4083 ubi
1267 4015 1408 4082 eminus
1424 4013 1501 4080 illas

592 4188 793 4273 Agnovere,
813 4202 942 4274 pavent
958 4184 1092 4252 timidis
1109 4185 1292 4266 obsistere,
1312 4200 1345 4250 et
1362 4182 1453 4250 ultro

596 4355 755 4423 Mandati
776 4377 952 4423 memores
970 4357 1099 4422 cedunt
1113 4353 1257 4444 regione
1275 4353 1437 4420 viarum:

591 4524 707 4591 Tanta
726 4523 826 4590 ducis
843 4540 938 4591 tenet
958 4523 1125 4613 ignarum
1146 4522 1341 4591 reverentia
1360 4523 1511 4611 vulgus!
