3970 5580
802 559 954 604 tumtun

379 731 489 820 Quod
508 731 634 822 proflat
651 754 768 800 rauco.
788 731 970 802 Suadente
989 754 1115 821 sopore
1135 731 1285 800 ministri

379 901 563 968 Decedunt
579 899 708 990 epulis
727 900 848 969 solitas
867 923 930 968 nec
947 901 990 968 ad
1009 900 1098 968 ostia
1118 901 1284 990 cuiquam

380 1069 555 1137 Excubias
572 1068 705 1159 agitare
723 1068 841 1136 subit:
862 1091 983 1137 secura
1005 1069 1124 1159 pericli

379 1239 521 1306 lncessu
542 1238 668 1328 repetit
687 1237 861 1306 titubante
878 1238 1009 1306 cubilia
1027 1239 1142 1307 turba.

379 1408 460 1474 Non
481 1406 527 1474 ita
549 1407 713 1475 ludithae
731 1429 877 1475 consors
894 1425 1076 1497 assumpta
1095 1407 1271 1490 laborum,

378 1574 533 1665 Pervigil
551 1593 708 1643 asservat
724 1575 891 1644 dominae
910 1597 1001 1664 quae
1019 1575 1143 1644 limina
1164 1575 1273 1644 iussu.

422 1744 505 1814 Sola
524 1744 584 1812 ubi
600 1766 682 1812 cum
701 1744 776 1812 solo
794 1745 925 1813 mansit
942 1746 1030 1812 duce
1048 1762 1140 1812 casta
1158 1744 1293 1836 virago,

380 1911 516 1984 Ultima
534 1931 627 1981 certa
644 1913 743 2002 sequi
764 1912 968 2002 patriaeque
990 1913 1196 2003 impendere
1215 1912 1337 1996 vitam,

378 2082 496 2172 Ipsius
513 2104 711 2172 appensum
731 2083 812 2172 palo
828 2083 920 2149 clam
937 2082 1062 2150 liberat
1078 2103 1214 2162 ensem,

379 2252 617 2341 Exploratque
635 2251 748 2319 aciem
767 2251 979 2341 lychnorum
995 2251 1038 2318 ad
1060 2250 1198 2318 lumina
1219 2249 1314 2318 ferri.

379 2421 475 2488 Hinc
492 2419 646 2510 praefata
666 2422 782 2488 Deum
804 2419 909 2488 motis
926 2420 1003 2486 sine
1023 2441 1106 2487 voce
1124 2420 1274 2504 labellis,

378 2589 488 2660 Crine
507 2589 570 2657 viri
589 2611 767 2680 apprenso
783 2627 827 2638 -
845 2611 909 2656 nec
929 2587 964 2655 in
988 2587 1115 2656 ictibus
1132 2610 1192 2656 ora
1211 2606 1402 2678 retorquet,
1422 2629 1465 2638 -

376 2757 540 2828 Abscidit
558 2757 722 2848 iugulum
740 2783 746 2823 :
771 2757 875 2846 longe
891 2778 997 2824 cruor
1013 2754 1142 2824 emicat
1161 2774 1247 2840 ater,

378 2927 696 3015 commaculatque
714 2926 827 2992 locos:
846 2925 906 2992 olli
926 2947 1023 2994 mors
1043 2925 1119 2994 dira
1137 2947 1303 3016 soporem

378 3096 597 3168 Continuat:
621 3095 753 3162 summi
770 3094 896 3184 refugit
912 3095 1000 3162 dum
1019 3093 1146 3162 iudicis
1164 3095 1267 3176 iram,

378 3264 548 3333 Traditur
562 3264 657 3331 haud
672 3285 830 3352 unquam
848 3262 1155 3331 exstinctisanitna
1170 3262 1280 3353 impia
1294 3263 1463 3332 flammis.

380 3433 627 3502 Exanimatam
650 3455 736 3499 auso
755 3431 935 3500 Iuditham
954 3431 1103 3522 percutit
1119 3436 1258 3512 horror,

380 3604 424 3671 Et
442 3625 552 3693 prope
572 3602 770 3692 collapsum
789 3602 864 3669 solo
882 3601 1058 3691 palletque
1074 3601 1278 3691 demitque,

380 3771 497 3861 Seque
517 3771 644 3839 iterum
664 3770 785 3838 mitem
808 3770 968 3860 agnoscit
988 3769 1221 3860 timidamque
1238 3771 1405 3861 puellam.

381 3941 430 4011 Ut
446 3939 551 4008 rediit
572 3963 709 4022 sensus,
728 3957 801 4008 toto
819 3939 867 4006 sic
885 3940 988 4008 corde
1006 3957 1190 4029 precatur:

380 4135 400 4172 «
418 4109 478 4178 Nil
497 4132 561 4200 ego
579 4109 705 4200 perfeci
723 4135 730 4176 ε
750 4109 879 4200 siquid
898 4109 986 4178 mihi
1013 4108 1149 4178 fortiter
1165 4127 1296 4188 actum,

379 4281 450 4362 Tu,
471 4281 568 4348 Deus
587 4281 832 4370 omnipotens,
850 4279 990 4346 animos
1014 4277 1175 4367 viresque
1195 4277 1337 4360 dedisti,

381 4447 585 4538 Dirextique
605 4471 766 4531 manum,
787 4447 1005 4518 iustissimus
1023 4448 1131 4530 ultor,
1155 4465 1192 4514 ut
1208 4446 1258 4514 illi

381 4616 485 4705 Quae
504 4617 643 4690 Sisarae
663 4619 782 4688 victrix
800 4617 959 4687 confodit
976 4636 1138 4706 tempora
1161 4618 1272 4684 claro.

1310 4721 1341 4754 10
