3972 5654
621 1077 729 1183 AD
771 1078 1058 1187 LEONEM
1098 1079 1201 1184 Xlll

519 1359 822 1434 SUMMUM
875 1358 1300 1434 PONTIFICEM

997 2120 1059 2163 t'icit
1072 2121 1119 2164 Leo
1132 2120 1161 2163 de
1174 2121 1237 2163 tribu
1254 2119 1310 2163 luda
1322 2135 1326 2162 :
1340 2120 1414 2174 fugite

969 2209 1047 2256 partas
1058 2200 1177 2243 adversae.

369 2441 496 2505 Lustra
514 2439 590 2506 dies
607 2457 730 2506 ntonet
746 2439 813 2506 isse
831 2440 966 2522 decent,
989 2439 1135 2509 feliciter
1153 2463 1192 2507 ex
1210 2464 1281 2529 quo

411 2605 530 2690 Sacra,
551 2607 701 2674 verende
720 2629 861 2695 parens,
884 2606 995 2675 infuia
1015 2626 1112 2697 parta
1129 2607 1193 2675 tibi
1212 2626 1276 2690 est,

366 2774 482 2843 Infuia
503 2777 719 2867 tergeminae
741 2799 821 2844 mox
839 2799 1046 2845 concessura
1065 2777 1186 2858 tiarae,

410 2944 494 3032 Qua
517 2944 605 3012 nihil
626 2945 658 3011 in
680 2963 776 3012 vasto
794 2945 949 3012 sanctius
966 2944 1050 3013 orbe
1068 2947 1182 3013 datur.

367 3112 462 3180 Hinc
483 3113 613 3181 bifores
632 3113 749 3180 valvas
769 3113 1056 3202 templorumque
1075 3113 1160 3181 atria
1178 3113 1287 3204 cingit

410 3281 545 3352 Artifici
568 3282 700 3372 passim
719 3299 808 3349 texta
826 3305 955 3349 corona
975 3305 1105 3364 manu3

367 3451 463 3519 Hinc
480 3474 623 3540 quoque
641 3452 791 3518 laetitiae
810 3453 936 3541 plenus
955 3451 1032 3520 ferit
1049 3453 1190 3520 aethera
1209 3453 1353 3535 clamor,

410 3620 638 3710 Septenoque
656 3640 757 3687 sonat
774 3644 839 3688 vox
858 3621 978 3688 iterata
997 3623 1092 3711 iugo,

364 3792 447 3857 Post
464 3789 620 3856 iuunane
642 3789 736 3857 nefas
754 3807 912 3857 assuetae
931 3790 1083 3858 luctibus
1101 3791 1180 3858 urbi

412 3961 463 4026 En
484 3961 612 4026 iterutn
630 3958 711 4025 felix
736 3958 874 4026 Lucifer
893 3977 991 4026 ortus
1008 3961 1115 4026 adest.

367 4137 494 4204 Libera
513 4136 600 4226 quin
623 4137 728 4205 hodie
746 4138 875 4204 dentur
892 4137 919 4203 si
938 4136 1065 4226 gaudia
1087 4137 1195 4226 plebia

410 4306 505 4376 Cum
523 4307 668 4395 strepitu
688 4307 850 4374 fiatntnas
869 4306 965 4373 Mars
983 4306 1149 4374 reboante
1167 4326 1296 4374 vomat.

364 4477 460 4543 Dum
480 4474 584 4543 simut
604 4494 636 4542 et
655 4475 811 4564 reliquus
829 4493 935 4542 certat
953 4475 1182 4543 concentibus
1199 4476 1308 4555 orbis,

409 4645 468 4713 Me
490 4668 632 4734 quoque
654 4646 710 4712 fita
731 4647 826 4712 sinas
845 4645 1062 4734 increpuisse
1081 4647 1184 4735 lyrae.
