3972 5654
478 437 541 499 262
775 454 890 500 roma
915 453 1071 499 romoars
1095 454 1353 500 raaaoamarro

524 627 611 695 Dein
629 644 745 718 rogat:
761 653 780 689 «
794 627 899 697 Unde
914 630 1035 709 dom0‚
1050 625 1195 695 fratres?
1211 649 1364 716 namque
1378 647 1438 695 aut
1451 649 1516 717 ego
1532 627 1652 711 fallor,

565 803 672 865 «Aut
690 797 781 865 idem
802 796 905 863 nobis
922 814 1020 864 ortus
1037 815 1071 864 et
1089 819 1159 864 una
1177 796 1302 864 tribus.
1318 823 1338 861 »

521 968 553 1034 N
559 965 755 1056 ephtalidas
773 966 898 1033 ambos
915 967 1024 1034 doceo
1043 967 1074 1035 N
1081 965 1247 1054 inivaqtte
1266 965 1452 1054 profectos,

566 1134 719 1206 Servitio
736 1134 858 1224 culpas
875 1157 962 1225 gens
980 1135 1039 1202 ubi
1062 1153 1180 1202 nostra
1197 1134 1273 1202 luit.

522 1305 629 1372 Plura
648 1304 849 1372 locuturum
870 1326 939 1371 norr
961 1305 1048 1371 ultra
1067 1325 1215 1394 pergere
1235 1327 1361 1392 passus

567 1472 695 1540 Incidit
716 1473 850 1562 Ragoel
871 1472 1002 1540 talibus
1022 1495 1100 1539 orsa
1121 1472 1241 1540 sonis:

520 1644 655 1711 «Num
675 1642 737 1710 tibi
757 1642 891 1710 Tobias
911 1661 1014 1709 notos
1034 1643 1044 1709 ἓ
1065 1643 1207 1710 Vivitne
1224 1645 1233 1708 i
1257 1643 1428 1710 Valetne?

565 1836 585 1874 ‹<
599 1811 791 1901 Assyriane
811 1811 924 1879 iacent
941 1833 1033 1890 ossa,
1053 1852 1093 1859 —
1111 1813 1208 1900 quod
1226 1811 1329 1895 absit,
1351 1851 1390 1861 —
1412 1814 1523 1881 humo
1542 1815 1587 1878 Ξ»

520 1979 589 2050 Cui
608 1980 724 2048 bonus
739 1981 908 2048 Azarias:
933 1980 1085 2048 Memori
1103 2002 1211 2070 quem
1232 1999 1372 2071 pectore
1390 2003 1523 2063 servas,

562 2148 698 2217 «Illius
716 2167 795 2217 ante
813 2149 934 2217 oculos
952 2172 994 2216 en
1015 2149 1077 2216 tibi
1098 2167 1201 2217 natos
1219 2150 1362 2216 adest.»

519 2320 597 2386 Vox
613 2337 686 2387 erat
704 2320 737 2386 in
755 2340 884 2386 cursu:
905 2319 1022 2394 senior
1038 2319 1287 2409 complexibus
1306 2319 1454 2388 haerens

564 2491 624 2558 Me
641 2506 747 2571 tenet,
767 2489 850 2556 haec
871 2488 972 2556 hilari
992 2489 1078 2556 dum
1098 2489 1204 2556 simul
1226 2511 1285 2556 ore
1304 2488 1409 2557 refert
1429 2514 1435 2557 :

520 2659 603 2728 «Ut
621 2676 652 2726 te
670 2680 774 2726 cerno
793 2657 906 2725 libens
923 2657 982 2725 tali
1004 2659 1161 2748 genitore
1179 2676 1351 2736 creatum,

563 2825 745 2897 «Saecula
762 2826 818 2894 cui
838 2826 978 2894 nullum
997 2845 1115 2894 nostra
1132 2826 1243 2894 tulere
1261 2848 1383 2916 parem
1403 2831 1409 2892 !
1429 2853 1449 2891 »

520 2995 646 3079 Multa,
666 3013 776 3085 pater,
795 2996 838 3063 de
854 3011 887 3062 te
905 2995 1041 3062 scitanti
1060 2995 1172 3063 multa
1195 3017 1353 3077 renarro,

564 3143 696 3231 Tristia
714 3185 777 3230 nec
794 3163 883 3230 lucis
900 3180 1039 3252 pectore
1057 3165 1187 3231 damna
1206 3185 1342 3251 premo.

524 3333 713 3400 Perculsus
733 3354 815 3398 casu
836 3333 955 3399 senior
974 3353 1056 3398 cum
1074 3330 1224 3421 coniuge
1243 3331 1369 3420 plorat,

567 3502 610 3569 Et
628 3519 728 3568 natae
747 3500 856 3569 variat
877 3500 991 3567 lucida
1009 3518 1109 3586 gutta
1129 3522 1249 3590 genas.

519 3675 567 3738 At
586 3670 687 3752 mihi,
709 3693 819 3760 quum
838 3671 994 3759 primum
1012 3670 1114 3738 defixi
1138 3670 1173 3737 irr
1192 3669 1327 3760 virgine
1349 3669 1484 3752 vultus,

567 3839 609 3906 Et
628 3839 777 3906 mixtum
795 3838 915 3928 stupui
936 3838 1159 3928 simplicitate
1175 3840 1294 3917 decus,

522 4007 650 4095 Quum
668 4007 738 4076 vidi
759 4009 931 4091 lacrimas,
952 4009 1080 4076 mentis
1097 4009 1310 4076 documenta
1328 4007 1520 4098 benignae,

566 4175 690 4264 Quam
707 4177 846 4244 comitis
867 4177 982 4244 visum
1002 4199 1073 4244 non
1092 4199 1196 4268 grave
1215 4176 1310 4244 iussa
1328 4178 1450 4265 sequi!

522 4347 617 4413 Dum
636 4345 762 4434 loquor
782 4365 886 4434 atque
903 4365 1041 4436 rogam,
1060 4346 1149 4413 aries
1166 4367 1270 4436 grege
1292 4346 1400 4413 lectus
1418 4345 1453 4413 in
1473 4344 1573 4413 omni

565 4519 658 4582 Ante
675 4514 792 4581 focum
814 4532 925 4581 versat
943 4514 1074 4581 viscera
1093 4515 1156 4580 lixa
1177 4536 1272 4581 veru.
