3970 5580
513 489 571 552 116

836 504 871 547 IN
897 503 1073 548 MULIERES
1098 504 1341 550 EMANCIPATAS

616 678 794 748 Formosis
812 677 898 743 adeo
917 699 988 744 non
1007 695 1058 745 est
1074 675 1240 744 violentia
1258 677 1383 746 fraudi.

612 854 659 918 At
678 847 740 916 tibi
761 848 931 928 desertae,
950 845 1074 913 timida
1091 864 1124 912 cr
1140 845 1325 913 mitissima
1346 845 1475 915 frustra

615 1016 794 1098 Deianira,
817 1015 903 1081 nihil
921 1033 1058 1104 praeter
1076 1015 1212 1104 plorare
1233 1015 1395 1083 relictum
1416 1034 1479 1083 est.

613 1183 951 1277 Amphytrioniadas
970 1185 1085 1251 nullos
1102 1185 1186 1250 haec
1206 1185 1331 1251 educat
1348 1203 1467 1268 aetas3

615 1357 701 1446 Quo
719 1356 830 1447 magis
848 1376 865 1422 e
883 1353 974 1421 facili
992 1371 1166 1437 nostrum,
1184 1355 1291 1422 modo
1308 1376 1440 1422 cornua
1462 1374 1596 1439 sumat,

616 1525 807 1615 Quaelibet
828 1523 1007 1611 Omphale
1032 1523 1097 1590 erit
1118 1542 1366 1612 sceptrumque
1391 1523 1527 1592 tenebit
1555 1525 1681 1593 herile.

618 1695 678 1765 Nil
700 1693 786 1761 milri
805 1714 886 1760 cum
908 1693 1091 1774 maribus3
1111 1715 1165 1760 me
1184 1693 1211 1758 si
1230 1711 1347 1760 tamen
1369 1693 1504 1761 ambiat
1523 1716 1618 1762 unus

617 1861 837 1953 Coniugium
856 1883 1017 1950 poscens,
1036 1863 1118 1929 haec
1137 1861 1185 1928 illi
1204 1861 1344 1929 foedera
1362 1880 1469 1930 sunto
1485 1885 1494 1950 3

619 2035 673 2102 Ne
693 2055 769 2100 mea
787 2034 887 2100 docta
906 2053 1065 2121 unquam
1085 2054 1140 2099 me
1159 2031 1289 2098 vilibus
1309 2032 1381 2099 otia
1397 2032 1493 2101 curis

620 2204 825 2271 Permutare
848 2199 942 2283 velit,
961 2200 1099 2290 quoties
1116 2202 1176 2268 secl
1195 2201 1337 2270 iusserit
1354 2224 1454 2284 uxor,

621 2373 700 2462 lpse
719 2371 808 2438 lavet
826 2392 963 2460 pannos
980 2371 1103 2437 doctus
1121 2388 1284 2459 torquere
1302 2371 1498 2453 madentes,

622 2543 734 2631 Inque
753 2541 828 2607 loco
845 2538 964 2629 aprico
985 2557 1079 2606 rema
1097 2541 1313 2628 suspendere
1332 2558 1420 2608 reste
1436 2563 1445 2628 3

621 2710 756 2783 Sarciat
773 2728 806 2778 et
823 2711 966 2793 laceros,
985 2732 1160 2799 parcaque
1181 2708 1366 2798 aspergine
1384 2727 1493 2777 tactos

622 2883 801 2969 Exaequet
818 2880 986 2947 manibus
1003 2881 1112 2947 solers
1130 2878 1292 2967 ferroque
1310 2879 1450 2946 calenti.

622 3050 712 3119 Dein
730 3073 834 3140 scopa
856 3049 1034 3139 penetrale
1054 3050 1184 3116 domus
1201 3067 1304 3138 atque
1325 3049 1412 3115 arria
1433 3066 1560 3130 verrat,

623 3222 788 3309 Cumque
806 3219 899 3310 putri
918 3218 1085 3307 squalens
1103 3218 1289 3285 descendat
1305 3239 1433 3286 aranea
1451 3235 1567 3304 text03

624 3391 698 3459 Nec
717 3391 795 3456 volo
813 3412 894 3456 cura
914 3387 963 3455 illi
981 3387 1085 3456 fucrit
1103 3406 1280 3478 postrema
1297 3387 1449 3468 culinae,

624 3558 694 3630 Sed
714 3558 795 3626 scite
816 3575 937 3625 tractet
954 3579 1060 3646 quam
1080 3574 1251 3625 monstrat
1267 3558 1415 3647 Apicius
1433 3576 1556 3627 artem.

624 3728 662 3800 Si
685 3745 781 3795 vacat
798 3750 872 3794 esse
899 3745 996 3816 pater
1014 3749 1229 3817 parvamque
1247 3729 1396 3796 educere
1413 3730 1564 3818 prolem,

627 3897 806 3966 Insomnis
825 3915 962 3964 moveat
983 3919 1105 3978 cunas,
1125 3897 1337 3986 crepitacula
1355 3917 1508 3986 quasser,

627 4067 847 4137 Horrisonos
864 4088 935 4155 quo
954 4067 1089 4157 vagitus
1107 4087 1328 4154 compescere
1346 4068 1461 4150 detur,

627 4236 818 4327 Gingivam
837 4236 942 4303 simul
961 4259 998 4302 ac
1016 4237 1165 4304 tendunt
1184 4259 1414 4326 perrumpere
1434 4238 1580 4324 dentes;

627 4414 697 4476 Aut
718 4408 901 4497 pulmenta
919 4424 1045 4496 coquat
1061 4406 1190 4474 teneris
1210 4408 1395 4496 pappanda
1418 4406 1566 4488 labellis,

630 4581 728 4648 Neve
746 4603 784 4648 ea
804 4595 996 4670 praetereat
1018 4579 1143 4645 melius
1161 4600 1250 4667 quae
1269 4577 1400 4645 indicta
1422 4578 1597 4667 relinquo
