3972 5654
534 565 633 608 SERVi
661 565 806 610 ELIEZER
830 565 877 610 AD
902 567 1072 610 assnnnnnt
1098 567 1263 612 EPISTOLA
1425 550 1487 633 275

381 740 451 805 Vas
469 738 620 806 humero
640 756 844 828 exemptum
864 739 961 808 tereti
980 740 1106 830 excipit
1123 741 1180 808 illa
1199 741 1340 824 lacert0‚

425 910 604 977 Admovet
621 926 653 975 et
671 908 778 976 labris
796 907 949 976 officiosa
969 909 1065 977 meis,

383 1078 478 1145 Dum
496 1094 612 1162 grates
630 1077 814 1166 persolvo:
838 1077 963 1144 «Tuis
980 1101 1123 1167 quoque
1143 1080 1229 1146 laeta
1247 1079 1404 1163 camelis,

429 1247 535 1316 Unde
553 1245 689 1328 bibant,
710 1247 798 1328 iniit,
818 1247 946 1314 deinde
964 1247 1095 1314 fluenta
1113 1247 1216 1314 dabo.
1236 1275 1256 1312 »

380 1415 466 1482 Mox
485 1415 614 1484 iterum
631 1434 735 1504 atque
754 1416 881 1484 iteruin
901 1436 1007 1506 puteo
1024 1418 1242 1507 demergitur
1259 1440 1361 1500 urna,

426 1585 470 1652 Et
486 1586 594 1652 niodo
614 1603 793 1675 susceptas
812 1608 923 1674 prona
942 1586 1097 1655 refundit
1118 1609 1239 1675 aquas.

377 1751 467 1820 Viva
486 1775 548 1841 per
567 1753 695 1843 ilignos
711 1753 888 1821 delabitur
907 1755 1000 1821 unda
1017 1755 1168 1833 canales,

424 1921 534 1989 Arida
552 1945 620 2010 qua
641 1921 765 1989 sitiens
784 1922 915 2011 proluit
932 1945 992 1990 ora
1011 1945 1129 2012 pecus,

380 2090 542 2157 Interea:
562 2093 651 2158 «Ne
674 2113 762 2158 vana
781 2109 883 2180 putes
903 2113 959 2158 me
978 2115 1159 2180 quaerere,
1178 2092 1263 2176 dixi,

425 2257 462 2328 Si
486 2279 615 2325 nornen
634 2259 751 2342 scitor,
772 2259 883 2348 virgO‚
901 2283 1085 2350 genusque
1106 2279 1220 2328 tuurn.
1241 2289 1257 2325 »

379 2427 442 2493 Illa
462 2449 468 2492 :
489 2427 613 2495 «Mihi
637 2449 790 2516 proavus
807 2428 939 2510 Thare‚
962 2430 1016 2496 cui
1037 2429 1129 2496 filius
1147 2430 1232 2498 aiter

424 2596 596 2664 instinctu
619 2619 748 2684 supero
765 2597 887 2665 dissita
909 2621 988 2665 rura
1007 2598 1101 2687 petit.

379 2765 480 2832 Illius
499 2783 617 2833 tamen
641 2765 697 2832 hic
713 2766 844 2834 mansit
862 2789 936 2834 sors
954 2767 1062 2834 altera
1082 2768 1238 2850 nachor,

421 2935 618 3023 Vicinaque
640 2934 726 3002 iacet
746 2937 1012 3004 contumulatus
1031 2938 1155 3004 burno.

378 3105 458 3171 Hoc
478 3126 553 3170 sese
571 3103 731 3193 genitore
749 3103 851 3171 refert
873 3123 969 3192 pater
987 3105 1144 3194 optirnus
1162 3123 1301 3173 ortum:

422 3274 563 3341 Nomen
583 3272 612 3339 ei
633 3273 780 3340 Barhuel
801 3298 810 3355 ς
833 3273 905 3362 ipsa
931 3275 1087 3341 Rebecca
1110 3296 1262 3341 vocor.»

377 3441 546 3509 Adrniror
565 3463 700 3523 casum,
720 3460 753 3509 et
771 3463 904 3509 numen
925 3442 1121 3510 taciturnus
1141 3444 1263 3524 adoro,

425 3612 526 3678 Favit
543 3613 586 3678 ad
605 3630 802 3678 extremuni
820 3612 914 3700 quod
935 3612 1022 3678 nribi
1045 3612 1142 3678 mille
1159 3613 1288 3680 modis.

380 3779 469 3846 Dein
490 3779 643 3846 nitidum
662 3780 786 3846 loculis
807 3802 932 3847 aurunt
953 3782 1137 3870 deprom0‚
1155 3782 1292 3871 puellae

424 3948 572 4015 Brachia
593 3950 687 4036 quod
708 3967 820 4016 nectat
839 3948 890 4016 vel
911 3950 1014 4017 micet
1031 3973 1115 4017 aure
1136 3951 1254 4017 decus.

377 4117 416 4184 Id
435 4116 580 4184 tirnidae
601 4118 686 4184 duni
710 4119 809 4185 trado
827 4145 834 4184 ε
854 4119 1006 4186 «Animi
1025 4141 1109 4208 cape
1129 4142 1275 4187 munera
1295 4120 1437 4210 pignus,

424 4287 529 4375 Quae
546 4310 736 4378 germanus
754 4243 807 4353 avi
828 4288 935 4355 donat
953 4289 1080 4356 babere
1097 4289 1173 4356 tibi.
1192 4317 1212 4352 ›>

374 4456 575 4546 Obstupuit
596 4457 707 4547 virg0‚
730 4476 761 4524 et
778 4484 784 4523 :
801 4459 939 4524 «Tune
959 4458 1015 4525 ille
1033 4483 1069 4525 es
1088 4459 1265 4527 maximus
1282 4460 1432 4543 Abram,

421 4626 534 4716 Saepe
554 4651 631 4696 rneo
650 4629 754 4697 stater
773 4648 1073 4698 commemoratus
1090 4652 1156 4697 aro
1171 4632 1180 4696 Ξ
1197 4657 1216 4694 »
