3928 5580
531 556 571 622 38
1047 575 1189 618 statana

528 748 719 818 AEtherins.
741 746 925 819 Sedenim
946 768 1056 836 quum
1076 745 1240 814 conditur
1260 767 1413 835 aequore
1430 767 1540 813 curvo

528 917 673 1001 Classis,
689 935 722 984 et
741 915 915 1006 effugiunt
932 915 1042 982 lassos
1058 914 1124 982 cita
1144 914 1288 982 carbasa
1306 914 1417 996 visus,

531 1086 687 1177 Erigitur
707 1084 810 1153 solito
830 1083 969 1168 maior,
988 1083 1069 1151 dein
1088 1105 1149 1152 ora
1168 1084 1347 1151 resolvens

528 1254 689 1323 Attonito
707 1272 801 1322 vates
819 1254 885 1321 boc
903 1251 1036 1342 rumpit
1053 1269 1192 1342 pectore
1208 1273 1350 1319 carmen
1371 1278 1377 1318 :

573 1421 713 1493 Currite
732 1421 852 1490 fatales
870 1439 1019 1511 aequato
1036 1419 1172 1510 gurgite
1191 1419 1312 1509 pinus,

529 1593 659 1683 lngens
674 1614 765 1682 quae
782 1590 909 1658 vehitis
927 1612 1076 1680 regnum
1097 1589 1281 1680 gentisque
1305 1588 1449 1658 Latinae

529 1762 736 1844 Fortunam,
756 1781 950 1850 prorasque
968 1757 1058 1826 datis
1074 1758 1245 1827 obvertite
1261 1758 1376 1826 terris.

526 1931 584 1999 Tu
602 1951 685 1998 vero
702 1928 832 1997 functis
849 1951 967 2009 cursu,
986 1927 1174 2012 Tiberine,
1193 1927 1324 1995 carinis

527 2098 628 2168 Ostia
645 2099 761 2190 pande
779 2099 913 2166 volens.
935 2099 1017 2166 Non
1036 2115 1068 2164 te
1087 2097 1263 2187 excepisse
1283 2096 1419 2187 pigebit

528 2267 751 2335 Dardanidas
769 2266 951 2356 prolugos,
971 2289 1035 2334 nec
1053 2265 1210 2355 praemia
1229 2289 1336 2356 parva
1355 2267 1553 2334 manebunt

529 2436 761 2526 Hospitium,
783 2458 866 2503 nam
884 2435 945 2526 qni
964 2434 1070 2503 silvas
1087 2453 1120 2503 et
1138 2437 1246 2504 lustra
1265 2435 1422 2504 ferarum

527 2595 809 2687 Squalentesque
826 2619 922 2663 secas
939 2595 1136 2664 etiamnum
1156 2595 1330 2685 inglorius
1347 2618 1464 2687 agros,

528 2767 670 2834 Horum
687 2787 754 2855 ope
771 2783 895 2833 cuncta
912 2765 999 2832 olim
1015 2764 1201 2854 superabis
1218 2764 1368 2832 flumina
1386 2762 1489 2832 lama.

526 2933 649 3022 Quam
669 2933 771 3001 video
791 2933 890 3000 factis
910 2933 1041 3000 claram
1059 2955 1094 3000 se
1112 2933 1269 3001 attollere
1288 2951 1445 3024 gentem,

526 3102 660 3170 Mixtus
681 3102 742 3170 ubi
762 3101 926 3171 Ausonio
943 3102 1122 3169 Troianus
1142 3102 1316 3192 sanguine
1334 3101 1507 3192 sanguis,

525 3271 629 3360 Quas
646 3271 775 3361 opibus
795 3271 904 3339 loetas
924 3271 1049 3340 validis
1067 3272 1120 3338 vel
1139 3271 1277 3339 civibus
1296 3271 1424 3339 urbes!

526 3439 695 3531 Surgam,
715 3463 735 3507 0
753 3462 902 3531 magnae
920 3457 1066 3529 surgant
1084 3458 1155 3508 rata
1174 3440 1317 3508 moenia
1337 3442 1487 3524 Romae,

527 3607 704 3699 Despiciet
720 3609 898 3677 domitum
916 3632 1006 3697 quae
1025 3626 1160 3698 septem
1179 3631 1196 3676 e
1214 3609 1365 3677 collibus
1386 3609 1525 3691 orbem,

528 3777 571 3844 Et
588 3777 655 3844 late
671 3777 806 3844 circum
827 3777 945 3866 regnis
964 3777 1209 3867 pereuntibus,
1229 3777 1304 3867 ipsa

527 3945 683 4013 Foedere
703 3950 892 4014 Parcarum
915 3945 964 4012 fas
984 3945 1184 4013 immortale
1202 3945 1346 4013 tenebit.

523 4114 680 4182 Telluris
696 4113 874 4203 quidquid
893 4136 1023 4204 supero
1041 4115 1092 4180 sol
1111 4115 1235 4182 lustrat
1256 4115 1300 4182 ab
1320 4137 1397 4196 axe,

527 4285 567 4351 ln
586 4283 767 4367 manibus,
788 4285 964 4368 Romane,
984 4283 1077 4350 tuis:
1097 4283 1161 4351 tibi
1180 4283 1287 4351 servit
1313 4285 1410 4352 Eous

527 4452 797 4543 Hesperiasque
815 4452 928 4536 sinus,
947 4470 1007 4519 tua
1027 4452 1077 4518 vel
1098 4454 1219 4542 procul
1238 4475 1337 4520 arma
1354 4451 1536 4520 tremiscit.

526 4620 674 4689 Arcadis
693 4620 850 4690 Evandri
871 4644 961 4710 quae
979 4643 1074 4688 nunc
1092 4621 1290 4712 mugitibus
1311 4621 1462 4710 implent
