3970 5580
515 503 555 567 82
817 520 993 566 armentia
1014 520 1186 565 SERVITUS
1203 519 1388 564 ABOLENDA

516 695 630 764 Cuius
652 711 689 762 ut
706 693 849 784 eloquio
867 711 1033 762 resonant
1051 715 1146 760 sacra
1165 692 1301 782 pulpita
1319 692 1475 782 templis,

515 869 624 932 Arma
643 862 760 931 fremit
778 862 988 952 stringitque
1006 861 1115 930 simul
1135 861 1320 951 vibratque
1339 861 1516 942 iuventus,

517 1032 619 1121 Itque
635 1054 698 1121 per
714 1031 880 1098 attonitas
897 1030 979 1098 belli
997 1031 1064 1098 cita
1083 1049 1213 1098 tessera
1230 1048 1363 1120 gentes.

516 1200 631 1288 Quid,
651 1201 746 1290 quod
765 1218 797 1268 et
814 1217 961 1268 ornatus
980 1216 1088 1267 certat
1105 1198 1283 1266 dimittere
1301 1216 1413 1267 mater

516 1369 691 1458 Cultaque
711 1369 808 1458 virgo
827 1390 922 1452 suos,
941 1391 1027 1436 auro
1048 1367 1189 1436 fornace
1207 1386 1356 1445 recocto,

519 1537 574 1605 Ne
593 1536 682 1603 iusta
701 1537 837 1604 validae
854 1554 993 1605 careant
1012 1537 1173 1604 mercede
1191 1537 1395 1625 phalanges.

519 1707 570 1773 En
590 1727 654 1796 ego
673 1705 844 1772 vaticinor
862 1705 1000 1773 venturi
1021 1705 1115 1772 baud
1136 1704 1269 1772 inscius
1286 1703 1377 1781 aevi,

517 1875 617 1940 Vana
637 1896 699 1941 nec
718 1873 881 1964 ignarum
900 1873 972 1941 veri
995 1873 1176 1963 praesagia
1194 1872 1319 1940 fallunt
1338 1877 1359 1916 1‘

519 2043 675 2110 Foedera
693 2042 886 2110 concordes
904 2042 1010 2131 longo
1028 2060 1108 2130 post
1125 2059 1286 2130 tempore
1308 2041 1460 2131 iungunt

517 2210 722 2280 Germanus
740 2210 936 2300 Gallusque
955 2211 1075 2278 ferox:
1096 2233 1166 2277 non
1187 2210 1320 2278 invidet
1336 2210 1427 2278 orsis

517 2378 661 2448 Austtia
681 2377 920 2468 magnanimis
938 2378 1043 2460 vires,
1062 2400 1213 2466 acerque
1233 2381 1386 2446 Batavus

520 2546 695 2615 Invictam
713 2552 844 2615 Arctoo
865 2547 1007 2614 deducit
1026 2547 1126 2614 litore
1142 2547 1299 2613 classem.

520 2716 601 2804 Ipsa
618 2737 739 2783 morae
758 2715 950 2804 impatiens
968 2715 1103 2804 rumpit
1121 2715 1312 2783 retinacula
1331 2714 1444 2798 navis,

517 2883 673 2952 Assiduo
698 2884 819 2951 subter
836 2907 942 2973 quam
962 2884 1057 2974 spita
1075 2884 1257 2952 volumine
1276 2883 1397 2967 trudit,

520 3053 794 3142 Immanemque
817 3052 910 3142 rapit
925 3053 1098 3120 terebrata
1119 3075 1182 3142 per
1198 3075 1350 3142 aequora
1370 3052 1511 3120 molem.

520 3221 588 3289 His
607 3222 735 3289 Italum
754 3223 854 3305 fines,
874 3221 928 3288 his
945 3223 1044 3290 addit
1062 3223 1178 3290 Iberia
1200 3223 1321 3306 robur,

519 3393 551 3460 N
557 3413 595 3458 ec
612 3391 715 3458 claris
734 3391 840 3459 Nerei
862 3392 984 3481 regina
1003 3392 1185 3460 Britannia
1202 3393 1335 3481 coeptis

519 3560 675 3643 Invidet,
693 3578 752 3628 aut
769 3561 872 3628 tellus
891 3561 1096 3650 investigata
1114 3561 1307 3643 Columb0‚

518 3729 654 3818 Sponte
671 3753 734 3797 sua
751 3730 858 3797 fuscis
875 3753 966 3819 quae
983 3730 1136 3819 dempsit
1154 3730 1293 3798 vincula
1310 3731 1420 3800 servis
1437 3757 1446 3813 ς

519 3899 563 3965 Et
582 3897 652 3965 iam
669 3898 818 3966 militiae
835 3917 1009 3989 quotquot
1026 3901 1109 3967 dare
1131 3899 1277 3967 nomina
1292 3902 1461 3990 gaudent,

626 4219 634 4249 ¹
651 4219 806 4273 learatum
821 4233 863 4274 est
882 4221 936 4273 boc
955 4235 1070 4273 carmen
1085 4236 1179 4290 quum
1197 4221 1336 4276 incitante
1361 4221 1561 4276 Illustrissimo
1574 4232 1602 4276 et
1616 4220 1693 4274 Emi-

518 4341 694 4396 nentissimo
715 4342 859 4396 Cardinali
884 4343 1043 4412 Lai‘igerio.
1065 4344 1250 4400 Christianus
1270 4345 1349 4400 orbis
1366 4345 1394 4399 in
1409 4345 1568 4417 praedones
1583 4345 1692 4400 Arabas

517 4483 597 4521 arma
620 4483 719 4537 capere
741 4468 812 4521 velle
835 4467 998 4523 videbatur.
1015 4468 1072 4536 Qui
1089 4471 1111 4522 si
1128 4469 1241 4523 interim
1257 4469 1389 4525 subsedit
1403 4470 1540 4541 Impetus
1556 4469 1691 4525 nondum

518 4591 584 4644 ideo
598 4591 767 4645 communis
783 4591 888 4662 incepti
904 4608 968 4662 spes
983 4593 1107 4647 omnino
1120 4593 1235 4649 excidit.
