3970 5580
800 581 951 625 tumrua
1406 562 1458 627 131

376 751 508 822 Oziam
527 769 606 820 ante
625 752 725 834 alios,
745 776 864 820 rerum
882 753 938 822 cui
956 755 1085 822 credita
1104 777 1244 823 summa
1262 774 1312 823 est
1328 779 1336 844 ;
1355 797 1397 806 —-

388 922 481 989 Nam
500 922 670 989 scelerum
690 941 812 1012 captus
830 946 963 1013 poenas
981 947 1038 992 rex
1060 924 1133 1014 ipse
1151 925 1270 992 luebat
1290 931 1298 968 ¹
1314 953 1319 991 :
1336 965 1377 976 -

380 1091 499 1180 thue
517 1091 630 1159 solent
648 1091 782 1173 miseri,
802 1091 989 1158 submissis
1009 1091 1120 1182 iurgia
1139 1092 1255 1160 verbis

380 1259 588 1328 Adiiciunt:
609 1261 702 1350 plebi
721 1261 812 1327 male
834 1261 1055 1328 consuluisse
1072 1279 1231 1350 regentes

383 1429 586 1518 lmparibus
604 1429 736 1497 beilum
755 1431 975 1497 committere
993 1430 1129 1498 viribus
1145 1453 1263 1512 ausos,

381 1599 424 1665 Et
441 1620 529 1687 quas
547 1599 600 1665 vel
619 1598 771 1668 Cilicum
792 1599 913 1688 populi
937 1601 990 1666 vel
1008 1600 1107 1668 fortis
1126 1600 1252 1668 Idume

383 1767 613 1848 Horruerint‚
633 1790 708 1834 sese
726 1767 865 1834 invictis
880 1791 1061 1857 opponere
1083 1771 1222 1842 turmis

385 1935 491 2002 Nunc
509 1937 632 2003 saltem
651 1935 751 2003 ducis
769 1936 905 2003 adversi
926 1936 1034 2003 lenire
1054 1935 1205 2018 furores,

377 2103 464 2191 Qua
482 2105 597 2187 detur,
617 2123 820 2194 properent,
839 2124 873 2173 et
891 2105 985 2194 pacis
1002 2128 1145 2194 poscere
1167 2107 1307 2192 legem:

382 2270 578 2341 Servitium
600 2295 635 2339 se
653 2273 757 2340 maile
777 2272 847 2362 pati
866 2291 926 2340 aut
942 2273 1151 2341 occumbere
1169 2273 1261 2341 ferro

377 2440 503 2528 Quam
527 2442 617 2508 lenta
637 2441 761 2531 perimi
783 2442 984 2532 languentia
1000 2465 1148 2532 corpora
1167 2443 1246 2511 tabe
1264 2468 1273 2524 3

385 2610 445 2676 Nil
464 2609 542 2698 opis
560 2611 595 2677 in
614 2611 726 2692 caelu,
745 2633 808 2677 nec
822 2611 918 2678 enim
937 2612 1113 2679 exorabile
1132 2634 1263 2679 numen

381 2779 608 2848 Criminibus
630 2780 762 2846 laesum
782 2779 883 2848 toties
902 2799 1114 2869 patrumque
1133 2781 1289 2869 suisque.

426 2948 585 3037 Ancipiti
604 2947 715 3018 Oziae
732 2971 897 3017 curarum
920 2949 1004 3016 hinc
1020 2949 1131 3016 assilit
1150 2971 1292 3038 agmen,

383 3117 651 3206 Momentisque
668 3117 828 3184 animum
848 3118 992 3207 paribus
1012 3117 1147 3185 diducit
1164 3136 1326 3206 utroque.

380 3286 517 3356 Cedere
537 3308 606 3352 non
625 3303 762 3353 tantum
783 3285 971 3374 impellunt
988 3286 1140 3353 convitia
1158 3286 1283 3374 plebis,

386 3456 583 3545 Exsanguis
601 3473 775 3544 quantum
794 3456 906 3544 pallor
925 3455 1105 3544 macieque
1124 3478 1289 3544 suprema

388 3626 573 3693 Extenuati
591 3643 710 3693 artus:
730 3626 820 3693 votis
837 3625 1008 3693 obsistere
1025 3626 1147 3692 suadet

386 3792 580 3883 Relligiosa
602 3794 687 3860 fides
704 3812 736 3860 et
753 3792 866 3881 frangi
886 3792 1001 3859 nescia
1023 3791 1145 3859 virtus.

387 3963 541 4048 Ingemit
559 3980 591 4030 et
609 3963 749 4030 tandem
772 3963 820 4029 sic
839 3981 973 4030 moesta
990 3962 1127 4029 silentia
1149 3961 1305 4050 rumpit:

405 4411 414 4442 ¹
434 4413 534 4478 Quum
551 4410 578 4464 in
597 4410 669 4464 libro
687 4409 784 4464 iudith
804 4424 951 4478 nusquam
971 4407 1162 4462 israelitarum
1180 4408 1251 4477 regis
1267 4423 1373 4461 nomen
1394 4407 1469 4460 inve-

296 4538 402 4595 niatur.
435 4535 595 4590 Bethuliam
626 4547 756 4605 tempore
785 4534 958 4604 captivitatis
988 4533 1060 4600 regis
1090 4533 1240 4586 Manassae
1269 4544 1468 4602 oppugnatam

291 4663 467 4717 coniiciunt.
