3970 5580
506 565 548 650 98
916 581 962 625 nu
983 581 1124 625 rnocuu
1146 580 1270 624 sarran

507 757 676 824 Deridet:
697 756 762 823 hoc
780 777 893 823 unutn
912 776 1042 834 moneo
1061 776 1104 820 ne
1126 753 1288 820 incautus
1308 751 1440 842 opertis

507 926 585 1014 lpse
604 923 716 1014 plagis
735 923 874 1013 capiare
892 945 1033 1012 auceps
1054 944 1267 1010 movensque
1285 921 1487 988 cachinnos.

508 1094 568 1161 Nil
588 1092 721 1174 multis,
742 1091 803 1158 uni
824 1089 928 1158 refert
946 1088 1119 1179 placuisse
1138 1088 1288 1178 puellae,

507 1262 631 1330 Indole
649 1261 766 1327 felices
784 1260 879 1327 socio
897 1281 986 1347 quae
1007 1257 1180 1346 spondeat
1196 1278 1322 1324 annos.

505 1433 640 1498 Verum
660 1451 730 1496 non
753 1427 878 1496 faciem
900 1427 1150 1495 tantummodo
1167 1425 1300 1493 femina
1318 1424 1433 1512 fucat3

506 1599 607 1687 Quin
630 1597 742 1666 aninri
762 1620 831 1664 non
852 1614 903 1663 est
925 1595 1007 1663 vitia
1026 1596 1201 1662 occultare
1219 1595 1368 1684 tegendo

507 1769 601 1838 Cura
621 1767 751 1848 minor,
771 1787 880 1854 quant
899 1787 988 1853 quae
1009 1763 1208 1831 deformant
1224 1785 1371 1852 corpora
1391 1763 1548 1830 mendas.

510 1935 698 2024 improbus
717 1934 791 2023 ipse
810 1956 934 2023 procos
951 1951 1067 1999 caecat
1085 1932 1295 2022 plerumque
1314 1931 1471 2021 Cupid0‚

509 2106 629 2171 Donec
647 2102 752 2170 frater
773 2104 914 2191 Hymen
935 2101 1050 2169 reddit
1066 2124 1129 2168 sua
1147 2101 1284 2168 lumina
1302 2099 1425 2188 captis,

508 2272 634 2360 Quum
652 2271 752 2360 prius
769 2288 829 2338 aut
847 2291 1034 2358 nunquam
1054 2270 1182 2336 vellent
1202 2269 1345 2336 cessisse
1364 2269 1538 2336 tenebras.

553 2441 695 2511 lncessu
715 2439 865 2528 placido
885 2439 1025 2528 placido
1046 2437 1220 2506 Caesonia
1238 2438 1335 2505 vultu

511 2610 550 2676 ln
570 2609 743 2697 populum
764 2607 905 2696 prodit:
930 2629 1055 2674 sensus
1073 2628 1148 2674 stne
1169 2605 1290 2673 fraude
1308 2605 1451 2695 benigni

509 2777 746 2844 Translucent
762 2776 886 2858 oculis,
905 2775 1085 2842 destillant
1102 2775 1205 2841 melle
1226 2774 1349 2841 labella
1367 2799 1376 2856 3

510 2946 615 3014 Unde
638 2945 734 3012 illam
753 2944 818 3011 stbi
838 2967 999 3033 quaeque
1022 2965 1154 3012 nurum
1174 2944 1362 3010 matercula
1381 2941 1471 3010 votis

509 3116 682 3203 Exoptat3
702 3114 761 3181 sed
783 3135 891 3202 quarn
913 3131 992 3180 ante
1013 3113 1142 3179 domus
1159 3112 1195 3178 in
1219 3112 1341 3179 limine
1359 3111 1524 3200 sumpsit,

509 3284 706 3350 Personam
725 3282 864 3350 rediens
882 3282 948 3349 sub
967 3281 1091 3348 limine
1113 3281 1213 3369 ponit
1229 3282 1367 3348 eodem.

508 3452 644 3520 Cuncta
662 3451 851 3540 supercilio
874 3450 1041 3538 deinceps
1059 3468 1234 3538 terretque
1252 3467 1463 3537 movetqne:

509 3622 676 3688 Adventu
695 3619 873 3709 trepidant
889 3619 1062 3702 famulae,
1081 3641 1146 3686 vox
1164 3637 1331 3708 personat
1347 3619 1450 3686 aedes

508 3787 681 3872 Stridula,
701 3811 764 3855 nec
785 3787 861 3854 lites
879 3809 1038 3876 unquam
1056 3806 1115 3855 aut
1135 3789 1287 3854 convitia
1305 3805 1452 3855 cessant.

508 3957 544 4028 Si
566 3958 659 4025 rixae
674 3957 738 4024 tibi
757 3974 889 4024 suntet
906 3957 996 4023 bella
1013 3957 1205 4024 domestica
1222 3957 1332 4041 cordi,

509 4126 750 4216 Impressaeve
766 4124 851 4193 libet
871 4127 984 4192 soleae
1004 4146 1205 4214 supponere
1224 4127 1370 4209 collum,

510 4294 606 4363 Huic
624 4295 731 4362 modo
750 4294 858 4378 nube,
878 4293 995 4361 virum
1014 4295 1157 4383 quando
1175 4312 1226 4362 est
1243 4297 1391 4364 ductura
1408 4295 1545 4382 virago.

552 4462 590 4533 Si
613 4485 684 4531 non
703 4464 774 4532 ulla
795 4464 880 4552 lupo
901 4480 952 4529 est
968 4462 1100 4529 mulier
1118 4482 1304 4552 conspecta
1321 4465 1443 4552 priori,

507 4632 722 4702 Garrulitate
740 4649 856 4699 tamen
876 4630 1031 4720 reliquas
1049 4631 1217 4700 Cornelia
1238 4631 1358 4699 vincit.
