3972 5654
595 540 750 585 vtnututs
775 541 993 586 uaruurotus
1017 542 1203 599 Qui-:nutas
1424 524 1491 588 235

404 711 490 799 Quo
507 712 618 780 fassae
637 712 757 780 minus
773 713 838 780 ista
855 713 968 782 ferant
986 715 1162 783 reticenda
1181 715 1334 794 ruboris,

449 883 530 950 Non
551 882 655 950 habet
670 882 837 974 exiguum
856 886 957 952 taeda
978 883 1104 973 pudica
1122 885 1228 952 decus
1247 907 1255 972 ;

404 1050 478 1118 Nec
497 1049 585 1117 nihil
603 1073 679 1117 esse
696 1073 774 1118 teor
794 1053 900 1140 paulo
920 1050 1086 1119 inferiora
1103 1052 1259 1141 paternis

450 1220 488 1286 ln
507 1220 595 1287 bene
614 1238 748 1287 morata
769 1240 904 1309 sceptra
925 1239 1044 1290 tenere
1062 1223 1180 1289 domo.

404 1389 457 1456 En
477 1388 542 1456 erit
560 1389 616 1456 illa
635 1389 722 1473 dies,
742 1389 850 1457 citreo
868 1413 937 1479 qua
954 1390 1039 1458 flore
1058 1391 1251 1458 revinctam

449 1557 618 1625 Pronuba
636 1559 798 1642 deducet,
816 1559 1052 1649 corripietque
1073 1581 1193 1627 moras
1212 1562 1222 1626 Ξ

402 1729 456 1795 En
475 1727 541 1795 erit
560 1744 640 1795 ante
658 1750 735 1795 aras
755 1728 902 1796 verbum
924 1746 962 1796 ut
979 1728 1080 1796 fatale
1100 1729 1276 1819 professae

446 1897 602 1965 Aureolo
622 1897 654 1963 in
675 1897 794 1986 digitis
812 1899 968 1965 annulus
985 1898 1070 1965 orbe
1089 1897 1221 1965 micet?

404 2065 621 2132 Iamdudum
640 2065 788 2132 memini
808 2064 942 2133 fuscam
962 2088 1029 2148 me,
1052 2066 1184 2134 torrida
1201 2068 1323 2155 quules

447 2239 630 2325 Aegyptus
650 2235 767 2316 mittit,
786 2235 1005 2302 consuluisse
1024 2257 1178 2323 magam.

405 2403 553 2493 Inspicit
570 2403 627 2471 illa
647 2403 749 2484 milri,
768 2403 922 2471 fatorum
944 2421 982 2471 ut
1002 2403 1163 2493 provida,
1183 2404 1354 2492 palmam,

445 2596 465 2634 ‹<
479 2571 729 2661 Ornatumque
748 2595 831 2661 para
848 2598 855 2638 :
875 2572 928 2641 vir
945 2572 1007 2639 tibi
1027 2592 1227 2662 promptus,
1244 2601 1264 2637 ›>
1281 2573 1340 2640 ait.

404 2742 486 2809 Heu
505 2741 658 2809 nimium
682 2763 788 2808 vanas
806 2760 897 2810 artes
916 2742 1143 2831 vetulamque
1162 2743 1344 2810 dolosam!

447 2909 625 2981 Ornatum
644 2929 747 2977 teneo
766 2937 772 2976 :
791 2910 845 2978 vir
862 2909 949 2978 milti
972 2911 1067 2978 solus
1087 2911 1195 2978 abest.

403 3079 466 3146 Vel
486 3079 606 3147 nullus
628 3079 713 3146 mihi
729 3080 782 3145 vel
801 3079 879 3146 talis
896 3078 1071 3164 contingit
1087 3097 1223 3146 amator

449 3247 523 3336 Qui
543 3269 656 3336 quum
675 3247 761 3316 dixit
780 3275 786 3314 :
810 3273 829 3311 ‹<
843 3252 949 3327 Am0,
966 3275 986 3310 ›>
1007 3247 1122 3315 dicere
1142 3249 1311 3316 «Duco»
1332 3267 1445 3314 cavet.

405 3418 494 3485 Prae
516 3417 675 3506 reliquis,
695 3417 817 3499 fateor,
836 3416 900 3484 sibi
922 3439 977 3483 me
994 3417 1196 3485 devinxerat
1214 3439 1322 3495 unus,

449 3586 623 3667 Candide,
643 3607 787 3668 nomen,
808 3587 968 3674 Hymen,
987 3586 1071 3652 dum
1090 3603 1208 3675 crepat
1225 3606 1286 3652 ore
1303 3603 1420 3652 tuum.

403 3758 546 3834 «Ante,
565 3753 695 3842 inquit,
713 3771 838 3821 coeant
858 3753 985 3820 iterum
1003 3775 1110 3841 quam
1129 3776 1260 3821 cornua
1279 3753 1397 3833 lunae,

448 3925 504 3990 Tu
524 3945 614 4004 mea,
633 3923 681 3990 dii
700 3941 817 4004 testes,
837 3923 864 3988 si
884 3921 985 4004 sinis,
1004 3943 1092 3988 uxor
1108 3921 1188 3989 eris.
1205 3947 1225 3985 ›>

404 4091 526 4179 Quam
545 4114 615 4159 non
635 4091 829 4158 movissent
846 4090 1005 4158 solennia
1023 4090 1129 4156 verba
1148 4090 1301 4179 puellam
1321 4093 1331 4156 ἓ

451 4262 548 4328 Haec
566 4260 627 4328 ubi
645 4260 736 4328 dicta
756 4259 843 4327 mihi
864 4258 1020 4340 foedera,
1039 4275 1170 4346 quanta
1188 4256 1236 4325 lui
1255 4261 1261 4323 l

408 4431 528 4518 thue
545 4429 612 4496 alte
630 4429 776 4496 insolito
793 4427 967 4494 saliebant
983 4427 1088 4495 corda
1108 4426 1277 4508 tumultu,

447 4598 514 4664 Vix
532 4597 657 4665 timida
677 4596 775 4686 potui
796 4617 881 4663 voce
904 4595 1056 4663 referre:
1080 4594 1214 4666 «Sino.
1233 4621 1253 4659 »
