3928 5580
498 545 538 609 26
904 561 1019 607 ruoua
1045 560 1264 606 uousuraun

499 738 576 805 lmo
592 759 668 827 age,
687 735 978 825 quandoquidem
997 757 1079 803 casu
1098 736 1177 802 data
1194 733 1295 823 copia
1315 732 1418 801 nobis

497 904 691 994 Colloquii,
710 905 919 971 exhaustum
937 903 1071 971 bellum
1090 921 1123 970 et
1142 902 1256 970 felicia
1275 903 1384 970 nostri

496 1081 607 1143 Arma
624 1091 739 1142 retexe
758 1071 827 1154 Pii,
846 1072 936 1140 duro
954 1090 987 1139 et
1007 1094 1097 1159 quos
1114 1071 1188 1160 ipse
1207 1070 1345 1139 labores

498 1243 573 1314 Sub
595 1243 708 1310 Marte
727 1265 762 1309 es
780 1265 904 1331 passus
922 1267 929 1308 :
949 1241 1077 1330 placito
1095 1261 1159 1329 pro
1176 1262 1323 1308 munere
1342 1239 1492 1308 habebo
1506 1266 1527 1303 ›>

498 1411 635 1480 Erubui
654 1410 789 1494 leviter,
810 1408 912 1478 dein:
932 1409 1148 1498 «Quamvis
1169 1409 1232 1477 ista
1253 1409 1352 1477 fateri

498 1581 553 1652 Sit
568 1604 688 1673 grave,
706 1603 786 1649 vera
804 1579 927 1648 leram.
948 1580 1089 1669 Peperit
1107 1601 1177 1647 non
1197 1580 1336 1646 dextera
1355 1578 1495 1646 laudem

499 1751 596 1817 Haec
614 1748 731 1830 nobis,
749 1747 859 1837 serpit
875 1770 989 1836 neque
1007 1747 1141 1814 circum
1160 1765 1320 1836 tempora
1339 1746 1458 1813 laurus
1475 1770 1484 1826 ς

499 1920 666 2007 Namque
684 1917 770 1984 milri
789 1915 947 2007 gladium
966 1934 998 1983 et
1016 1869 1237 1982 tances'dum
1255 1913 1400 1981 tradidit
1419 1935 1567 2001 aequas,

499 2084 631 2153 Invidit
652 2101 787 2173 partem
805 2082 953 2151 Themis
972 2083 1177 2171 importuna
1194 2081 1366 2171 triumphi
1387 2087 1409 2147 ¹.

498 2260 556 2336 At,
574 2251 638 2321 tibi
657 2251 685 2319 si
703 2253 812 2319 modo
830 2273 900 2318 non
920 2251 1056 2337 refugis
1075 2269 1213 2319 narrata
1234 2249 1370 2330 referri,

500 2420 670 2511 Experiar
690 2419 787 2488 iusso
805 2442 951 2510 parens:
972 2438 1007 2488 tu
1027 2420 1147 2487 dexter
1163 2422 1294 2488 adesto,

544 2588 689 2677 Sceptra
707 2587 928 2676 Subalpinus
947 2604 1133 2676 postquam
1156 2588 1209 2654 vel
1231 2586 1352 2654 fraude
1369 2586 1422 2654 vel
1440 2585 1562 2664 armis,

500 2757 639 2825 Fraude
658 2755 771 2845 magis
788 2755 948 2826 Siculum
969 2756 1153 2845 praedator
1169 2756 1212 2822 ad
1232 2777 1344 2842 usque
1364 2755 1575 2839 Pachynum

500 2926 666 3008 Protulit,
685 2944 788 3015 arque
808 2925 918 3009 idem,
939 2925 1072 2993 crudeli
1090 2926 1194 2992 caede
1213 2947 1365 3014 peracta,

501 3095 693 3162 Fortunata
712 3093 766 3161 Pii
786 3111 837 3160 est
853 3116 956 3161 orsus
977 3095 1177 3163 rescindere
1195 3117 1314 3185 regna,

501 3263 585 3330 Mox
603 3261 723 3343 etiam,
743 3261 883 3330 sceleris
901 3284 944 3329 ne
965 3261 1051 3350 quid
1075 3262 1256 3350 linquatur
1277 3261 1456 3341 inausum,

501 3427 710 3495 Pontificem
729 3427 864 3496 affectat
882 3450 978 3495 sacra
996 3429 1182 3497 detrudere
1200 3429 1294 3495 sede.

502 3595 580 3662 Hoc
597 3594 716 3684 ipsum
734 3595 831 3684 regni
851 3618 1024 3684 proceres,
1046 3596 1111 3662 hoc
1130 3596 1291 3686 improba
1313 3595 1414 3663 turba

501 3763 621 3830 Mente
640 3763 772 3854 agitant
788 3788 798 3846 ς
816 3764 915 3853 operi
933 3764 1022 3832 miro
1041 3787 1076 3831 se
1093 3765 1242 3855 accingit
1260 3787 1380 3832 amore

501 3931 684 4002 Seditione
705 3949 828 4019 potens
847 3932 879 3998 N
886 3931 1004 3999 leaena
1022 3955 1062 4000 ex
1081 3931 1167 3999 urbe
1186 3933 1363 4012 tribunus,

502 4100 569 4168 Cui
589 4117 859 4189 praecorruptos
879 4099 991 4188 pretio
1010 4122 1089 4190 pars
1107 4103 1260 4169 maxima
1282 4104 1396 4171 laudis

503 4268 686 4335 Debellare
705 4269 824 4350 duces
843 4286 1033 4358 portasque
1050 4269 1241 4361 refringere
1262 4290 1409 4360 apertas.

610 4606 618 4654 ¹
637 4623 747 4678 lluctor
760 4624 934 4694 quaesitoris
949 4625 1080 4680 militaris
1096 4643 1216 4682 munere
1231 4627 1416 4698 fungebatur.
