3972 5654
640 525 755 571 ronna
782 525 938 572 ruuroms
963 525 1220 570 rannoxruxrro
1452 509 1510 573 261

382 725 405 764 <‹
423 701 564 789 Nempe
582 699 661 767 illos
679 699 885 788 similesque
903 698 986 766 feris
1003 716 1035 766 et
1053 699 1163 788 prolis
1181 698 1364 768 habendae

399 949 404 956 Ι
433 869 703 937 «Immemores
723 868 825 936 traxit
840 868 913 935 sola
932 867 1042 936 libido
1060 867 1165 935 viros.

382 1063 404 1100 «
421 1038 511 1104 lnde
532 1036 566 1104 in
586 1059 621 1104 se
639 1035 758 1126 superi
777 1053 968 1104 moverunt
985 1037 1135 1105 vindicis
1153 1036 1255 1120 iram,

429 1231 450 1269 «
466 1207 633 1295 lustaque
653 1224 862 1295 conceptum
882 1228 996 1296 poena
1014 1223 1132 1274 secuta
1151 1206 1257 1274 nefas.

384 1400 406 1438 <‹
419 1376 475 1443 Tu
497 1396 580 1442 vero
597 1396 676 1442 mea
694 1375 798 1443 corde
815 1396 954 1442 mernor
971 1374 998 1442 si
1017 1375 1108 1443 dicta
1127 1374 1302 1456 recondis,

427 1543 523 1612 «Nil
542 1543 577 1611 in
597 1562 628 1612 te
646 1544 775 1633 poterit
791 1543 936 1634 spiritus
955 1544 1011 1612 ille
1029 1565 1172 1612 nocens.

383 1712 507 1782 «Odit
526 1712 623 1780 enim
640 1712 827 1795 incestum,
846 1731 940 1780 casto
957 1711 1048 1780 favet
1068 1733 1202 1802 aequus
1219 1713 1346 1796 amori,

429 1881 634 1972 «Coniugii
653 1882 768 1949 sanxit
784 1881 844 1971 qui
867 1903 962 1948 sacra
981 1881 1072 1966 iura,
1092 1883 1200 1950 Deus.

381 2050 554 2140 «Coepta
575 2050 783 2118 secundabit
800 2051 920 2119 dexter
936 2049 1132 2139 foedusque
1152 2051 1334 2130 maritum,

428 2220 669 2288 «Dummodo
688 2219 861 2309 percipias
879 2241 969 2308 quae
988 2237 1106 2286 monet
1123 2240 1183 2287 ore
1201 2240 1292 2286 meo.

385 2414 407 2452 <‹
424 2390 479 2458 Ne
496 2388 558 2456 tibi
582 2388 765 2480 virginitas
782 2388 888 2458 fuerit
905 2389 1010 2457 libata
1029 2389 1180 2478 puellae,

426 2583 446 2622 a
461 2564 553 2627 Ante
571 2558 685 2627 Patris
705 2558 836 2626 summi
856 2580 963 2647 quam
986 2558 1154 2626 merearis
1171 2579 1290 2647 opem.

383 2753 406 2792 «
420 2729 493 2794 Vos
517 2727 596 2796 ideo
613 2749 700 2817 pure
719 2745 835 2795 ternas
852 2749 892 2796 ex
910 2727 1035 2796 ordine
1054 2744 1172 2795 noctes

429 2923 449 2960 «
467 2896 596 2965 Intenti
614 2896 780 2985 precibus
796 2896 1002 2987 pervigilata
1019 2896 1136 2964 simul.
1156 2923 1176 2960 »

384 3067 483 3133 Haec
501 3088 612 3155 quum
628 3065 720 3133 dicta
737 3064 846 3149 dedit,
868 3083 1033 3156 cognatas
1049 3065 1231 3152 tangimus
1249 3067 1365 3148 aedes,

426 3233 542 3306 Sortis
561 3233 621 3302 ubi
640 3251 796 3302 actutum
815 3233 928 3302 forma
950 3235 1111 3302 novanda
1132 3257 1241 3303 meae.

384 3401 598 3490 Quamlibet
616 3401 754 3492 ignotos
775 3422 839 3469 nos
858 3402 1007 3470 comiter
1026 3402 1154 3492 excipit
1171 3402 1310 3492 bospes,

432 3571 592 3639 Pellibus
610 3587 643 3639 et
657 3571 773 3639 stratis
790 3571 928 3640 flectere
950 3571 1110 3639 membra
1129 3571 1236 3639 iubet.

381 3740 569 3809 Continuo
586 3745 692 3808 Anna
710 3762 838 3830 parens
855 3757 888 3807 et
905 3741 1014 3808 solers
1032 3739 1102 3807 lilia
1118 3739 1217 3829 virgo

428 3909 522 3976 Dant
539 3908 691 3998 pedibus
712 3908 890 3999 lymphas,
910 3907 1171 3998 expediuntque
1190 3931 1337 3998 penum.

383 4077 519 4144 Verum
536 4077 596 4145 ubi
617 4100 672 4146 me
690 4078 807 4146 studio
828 4096 878 4146 est
898 4077 1009 4145 tuitus
1030 4095 1150 4167 pater:
1172 4076 1348 4167 «Aspice,
1366 4077 1511 4158 coniux,

424 4245 581 4334 «Quam
601 4267 773 4337 magnum
792 4247 902 4315 instar
920 4247 1010 4314 inest
1028 4247 1110 4313 huic
1126 4245 1307 4336 patruelis,
1322 4271 1342 4310 »
1360 4245 1420 4314 ait.
1440 4252 1452 4290 ¹

445 4495 453 4527 ¹
472 4495 598 4550 Tobiam
612 4495 719 4566 Raguel
733 4495 946 4551 consobrinum
959 4507 1042 4551 vocat
1054 4495 1140 4566 (Tob.
1156 4495 1218 4560 Vll,
1232 4513 1245 4548 2
1250 4506 1257 4562 t
1269 4511 1275 4560 ;
1294 4507 1396 4551 notant
1410 4505 1508 4550 autem

334 4600 459 4672 quidam
477 4602 644 4674 interpretes
658 4619 707 4657 eos
725 4619 819 4657 revera
835 4605 976 4674 patrueles
993 4603 1091 4658 luisse.
