3928 5580
824 548 968 594 SIBYLLA

307 727 350 793 Et
367 724 499 814 regnis,
518 741 679 792 emotum
697 721 846 812 antiquo
863 721 1005 789 cardine
1023 721 1202 788 mundum

306 893 506 964 Unanimes
524 892 661 983 potiore
680 892 729 960 illi
751 891 818 959 sub
837 890 986 959 nunrine
1004 908 1182 978 torquent.

305 1063 399 1130 Mole
417 1085 480 1130 sun
499 1063 608 1129 modo
625 1083 716 1151 quae
735 1060 806 1128 iarn
825 1060 895 1128 iam
914 1059 1081 1127 inclinata
1099 1060 1235 1140 ruebat,

304 1231 505 1322 Relligione
522 1231 645 1322 vigens
665 1249 742 1298 turn
763 1231 878 1298 Roma
897 1229 1075 1319 potentior
1091 1247 1213 1304 exstat,

303 1402 473 1489 Victaque
493 1399 614 1468 victori
636 1422 752 1467 mores
769 1417 802 1466 et
819 1398 959 1466 foedera
979 1397 1091 1488 ponit.

300 1575 496 1638 Armorum
514 1569 617 1637 cessit
635 1569 763 1650 rabies,
784 1568 1047 1657 hominumque
1067 1567 1191 1635 solutis

300 1738 424 1805 Vincla
443 1738 558 1807 fluunt
576 1737 766 1820 manibus3
787 1737 891 1805 nodis
908 1738 969 1804 sed
988 1759 1159 1825 amorque
1181 1737 1338 1826 fidesque

301 1907 418 1976 Corda
438 1906 539 1974 novis
559 1906 769 1995 animasque
787 1906 919 1995 ligant:
940 1905 1022 1973 hinc
1044 1906 1179 1974 reddita
1195 1904 1297 1974 terris

301 2074 427 2143 lnvisit
447 2097 569 2143 secura
587 2077 714 2144 domos
731 2081 876 2143 Astraea
894 2074 1041 2163 Quirini

301 2243 344 2310 Et
361 2242 428 2310 sibi
449 2244 665 2312 Pontificum
684 2266 871 2312 mansuras
889 2266 1036 2311 munere
1055 2246 1167 2311 sedes

301 2405 381 2472 Non
403 2404 451 2472 illi
476 2427 593 2473 rerum
615 2424 726 2473 meras
745 2427 860 2494 neque
876 2421 1036 2494 tempora
1058 2423 1203 2488 norunt,

301 2575 375 2641 Nec
394 2573 463 2641 iarn
484 2575 548 2641 hos
568 2593 659 2642 terra
677 2574 782 2663 capit,
804 2575 864 2663 qui
883 2575 971 2642 dum
990 2574 1080 2664 pacti
1097 2574 1186 2642 ostia
1204 2575 1292 2642 coeli

301 2744 474 2811 Humano
492 2760 648 2811 reserant
663 2743 801 2830 generi,
824 2745 912 2832 pede
928 2743 1079 2811 claustra
1097 2743 1252 2811 barathri

300 2911 512 3000 Feralesque
530 2931 697 3002 premunt
718 2930 858 3001 portas:
883 2912 1001 2980 fremit
1019 2911 1185 2981 horridus
1202 2911 1332 2994 Orcus,

298 3079 469 3169 Quotque
486 3080 581 3148 fover
598 3081 754 3148 tenebris
772 3081 944 3149 immania
962 3099 1118 3149 monstra
1137 3081 1203 3149 sub
1220 3104 1324 3150 auras

298 3248 429 3338 Egerit.
451 3250 532 3317 Heu
551 3249 660 3317 sancti
680 3271 788 3338 quarn
806 3249 903 3318 dirae
922 3249 1046 3316 limina
1066 3250 1152 3317 vatis

297 3413 483 3484 Obsidunt
499 3416 627 3484 facies!
652 3418 791 3486 Bellum
809 3435 1016 3508 stragesque
1034 3417 1202 3486 nefandas

299 3583 468 3675 Impietas
486 3604 603 3653 movet
623 3586 846 3676 effrenaeque
865 3587 1029 3677 superbia
1046 3587 1190 3670 mentis,

296 3753 406 3836 Tum,
425 3755 481 3822 cui
499 3756 583 3822 dant
600 3755 740 3823 animos
761 3755 944 3846 spolianda
963 3757 1113 3824 sacraria
1133 3756 1240 3846 gazis,

295 3921 423 3989 Tristis
440 3923 617 4006 avarities,
637 3925 734 4014 regni
754 3925 919 3992 scelerata
936 3924 1067 4013 cupido

298 4090 341 4156 Et
359 4089 528 4158 libertatis
548 4091 694 4160 mentita
713 4091 853 4160 licentia
871 4115 1014 4161 nornen.

296 4259 499 4327 Conciliant
514 4261 567 4327 his
588 4283 685 4328 anna
703 4261 788 4344 doli,
807 4282 1008 4331 commenta
1027 4285 1088 4353 per
1105 4283 1215 4332 artent

297 4426 445 4494 Diffusa.
466 4428 626 4496 inficiens
647 4430 779 4498 blando
796 4430 868 4498 fera
887 4431 1012 4520 pocula
1034 4433 1132 4501 vultu

297 4595 471 4678 proditio,
491 4615 599 4665 tectae
617 4598 767 4666 insidiae
785 4599 966 4688 subitique
983 4603 1167 4670 tumultus.
