3972 5654
692 500 848 544 sumntum
875 499 1089 544 PONTlFlClill'l

349 673 436 740 Mox
455 671 594 761 aquilae
613 672 739 739 similis
756 673 995 740 crescentibus
1013 672 1127 739 evolat
1143 671 1230 739 alis:

396 842 436 909 ln
459 860 581 909 tenero
598 861 752 930 quantus
772 841 843 908 iam
862 842 943 908 latet
964 840 1046 908 inde
1064 845 1191 908 senex!

352 1013 384 1080 N
391 1033 428 1078 ec
445 1028 561 1078 tamen
581 1009 726 1100 ingenio
743 1009 873 1077 sociata
888 1009 1061 1077 modestia
1079 1009 1183 1093 cedit,

393 1179 536 1270 Spicula
555 1201 617 1246 nec
637 1179 725 1247 livor
742 1201 814 1268 quo
831 1202 893 1246 sua
913 1197 1022 1247 vertat
1040 1178 1155 1246 habet.

350 1349 487 1417 lllectas
505 1349 616 1416 Latiis
635 1347 862 1438 praebentem
886 1348 1030 1416 vocibus
1047 1371 1150 1416 aures

391 1519 535 1587 Tullius
555 1518 698 1586 alternis
716 1517 959 1609 Virgiliusque
977 1518 1123 1597 iuvant;

351 1689 476 1756 Dulcia
494 1709 590 1755 nunc
608 1687 751 1776 rapiunt
768 1687 895 1756 Graiae
914 1686 1114 1755 cantamina
1132 1687 1286 1777 linguae,

397 1856 606 1946 Indigenam
625 1875 663 1924 ut
679 1857 796 1923 credat
813 1856 982 1945 Cecropis
999 1879 1058 1924 ora
1078 1879 1195 1924 suum.

349 2026 530 2093 Maximus
548 2025 630 2092 hinc
648 2025 814 2093 iuvenem
836 2024 962 2092 studiis
979 2024 1133 2093 devincit
1153 2025 1326 2114 Aquinas,

392 2195 533 2262 Viventi
552 2217 700 2284 superae
717 2194 773 2262 cui
793 2212 936 2284 patuere
953 2195 1095 2261 domus.

349 2364 482 2432 Etiam
501 2382 615 2454 mysta
633 2385 754 2430 recens
771 2362 905 2453 primas
925 2381 1090 2452 operatus
1108 2363 1150 2430 ad
1169 2385 1246 2430 aras

395 2533 480 2600 Esse
499 2532 594 2599 iubet
612 2553 744 2599 numen
767 2533 862 2620 quod
882 2531 990 2598 modo
1011 2531 1112 2620 panis
1130 2547 1213 2598 erat.

343 2699 543 2770 Coelitibus
562 2700 719 2768 mortalis
737 2700 851 2768 honos
869 2701 896 2768 si
919 2718 1058 2789 pectora
1076 2715 1207 2789 tangat,

394 2869 568 2954 Invideat‚
589 2869 760 2952 Ioachim,
779 2870 881 2937 turba
899 2891 1053 2958 superna
1071 2868 1147 2937 tibi.

354 3039 441 3106 Inde
459 3037 556 3106 brevi
576 3037 688 3105 violae
708 3038 881 3128 insignem
900 3037 1077 3128 ferrugine
1095 3039 1197 3105 traxit

396 3207 613 3296 Excepitque
632 3206 745 3274 libens
767 3206 907 3297 Belgica
927 3223 1017 3274 terra
1035 3206 1129 3274 sinu.

346 3374 463 3442 Verba
482 3374 537 3443 Pii
560 3374 714 3443 referens
733 3391 870 3443 tantum
889 3375 980 3442 valet
996 3375 1052 3442 ille
1071 3376 1265 3464 loquendo,

396 3545 445 3614 Ut
465 3567 523 3612 rex
542 3562 579 3612 ut
598 3566 758 3633 proceres
772 3544 861 3612 dicta
879 3544 1008 3612 diserta
1026 3543 1189 3634 probent.

348 3711 494 3779 Insidiis
518 3711 686 3780 labefacta
704 3713 764 3780 diu
784 3712 991 3802 regionibus
1009 3712 1078 3779 illis

393 3882 464 3949 Res
482 3883 647 3950 Romana
664 3883 755 3948 valet
773 3882 933 3972 praeside
952 3899 1023 3950 tuta
1043 3904 1147 3949 novo

345 4049 503 4118 Londini
524 4050 605 4118 hinc
623 4051 767 4139 capiunt
784 4073 881 4118 arces
899 4051 1122 4139 breviterque
1141 4067 1339 4132 morantur,

391 4219 520 4287 Invitat
538 4220 624 4310 ripis
641 4241 749 4308 quem
769 4219 980 4287 Trasimena
999 4221 1111 4309 palus.

341 4388 437 4455 Tuta
456 4387 575 4478 vigent
594 4388 734 4458 Umbro
753 4410 914 4477 pereum
935 4388 1147 4456 commercia
1166 4387 1252 4470 ruri,

389 4556 553 4624 Abstinet
569 4575 602 4624 et
621 4575 720 4647 rapto
739 4558 812 4647 lege
834 4579 992 4646 repressa
1010 4580 1151 4625 manus.
