3936 5578
514 557 571 620 ¹72
920 552 1024 597 runas
1049 549 1273 596 nncrraanus

552 733 712 797 Aurorae
731 727 917 817 ignescunt
934 725 1055 806 radiis,
1078 723 1290 812 fulvumque
1312 721 1486 790 renident.

556 897 698 966 Eminet
716 895 750 962 in
773 894 902 962 mediis
922 895 1194 982 elephantorum
1214 891 1377 981 improba
1395 891 1521 971 moles,

553 1065 735 1156 Sanguine
752 1087 842 1153 quos
860 1063 948 1132 mori
968 1081 1164 1130 monstrato
1181 1083 1339 1150 uvaeque
1357 1059 1516 1128 rubentis

555 1235 690 1303 Excitat
708 1235 803 1300 haud
823 1233 961 1300 levibus
981 1231 1135 1299 stimulis
1156 1231 1191 1297 in
1211 1229 1345 1320 proelia
1366 1247 1478 1296 rector
1497 1233 1520 1293 ¹.

555 1405 662 1471 Foeta
681 1402 765 1470 viris
785 1420 884 1492 tergo
900 1402 987 1467 dutn
1007 1399 1271 1490 propugnacula
1288 1416 1438 1488 gestant.

553 1571 715 1643 Subsidit
734 1589 831 1638 vasto
847 1569 1073 1658 gradientum
1092 1570 1248 1658 pondere
1266 1569 1381 1635 telius.

599 1739 759 1829 Septima
778 1739 836 1806 iux
853 1739 984 1818 aderat,
1003 1758 1112 1826 quam
1134 1758 1231 1804 inore
1252 1736 1415 1804 Hebraea
1431 1753 1569 1803 vetusto

554 1907 746 1998 Reiligiosa
764 1908 851 1975 solet
868 1907 1044 1974 celebrare
1067 1928 1128 1994 per
1145 1905 1214 1972 otia
1235 1906 1364 1994 proles.

554 2077 619 2144 Illa
638 2077 717 2144 duci
737 2074 843 2165 Syrio
861 2074 1066 2163 praesertim
1085 2075 1312 2140 accommoda
1332 2095 1472 2162 pugnae

553 2245 638 2312 Visa
655 2245 744 2325 dies,
765 2243 891 2333 pietate
909 2265 972 2310 sua
989 2265 1058 2332 qua
1077 2260 1193 2332 sperat
1214 2243 1342 2310 inertes

553 2413 771 2503 Opprintere
789 2430 960 2493 actutum,
983 2410 1172 2492 facilesque
1194 2409 1320 2479 referre
1341 2410 1556 2500 triumphos.

555 2583 658 2650 lianc
682 2603 824 2670 quoque
844 2579 947 2648 Marti
967 2599 1087 2669 aptam
1105 2579 1275 2646 consuitis
1294 2579 1375 2669 legit
1393 2579 1428 2646 in
1447 2580 1549 2646 astris

556 2751 769 2831 ChaldaeuS,
790 2751 974 2817 volucrum
992 2749 1027 2816 id
1048 2749 1187 2816 monitu
1208 2748 1398 2816 denunciat
1419 2771 1544 2838 augur„

555 2921 595 2988 id
613 2920 790 3010 pecudum
810 2920 954 2986 edoctus
972 2917 1070 2985 fibris
1087 2917 1273 2985 confirmat
1290 2939 1450 3006 aruspex.

555 3088 770 3157 Dissuadent
790 3105 922 3168 contra,
942 3110 1032 3176 quos
1048 3088 1119 3154 dux
1136 3109 1259 3175 capere
1281 3109 1378 3155 anna
1396 3087 1521 3176 coegit,

556 3256 692 3339 Iudaei,
711 3256 819 3346 inque
838 3279 921 3323 suos
941 3255 1074 3323 ferrutn
1093 3275 1297 3323 convertere
1317 3255 1421 3323 cives.

555 3427 641 3494 Esse
661 3427 776 3493 Deum
794 3442 995 3492 memorant
1012 3423 1098 3492 coeli
1118 3444 1301 3514 terraeque
1319 3442 1514 3513 potentem,

553 3593 660 3665 Sacra
678 3593 744 3661 sibi
763 3593 875 3683 prisca
894 3593 1042 3661 asseruit
1064 3593 1124 3682 qui
1147 3593 1291 3661 sabbata
1313 3594 1400 3683 lege,

554 3766 670 3851 Atque
688 3785 836 3852 operum
857 3762 967 3828 voluit
987 3762 1154 3829 celebrari
1178 3761 1355 3830 immunia
1373 3762 1480 3852 plebi.

553 3936 733 3999 Accensus
754 3931 855 3999 furiis
873 3933 915 3998 ad
934 3953 1023 4020 quos
1042 3930 1088 3998 ita
1109 3931 1281 3999 barbarus
1300 3931 1399 3999 infit:

552 4099 626 4171 «Si
647 4102 742 4168 Deus
761 4101 794 4166 in
814 4099 912 4166 coelo
932 4117 996 4182 est,
1017 4100 1104 4166 coeii
1124 4101 1329 4168 dominetur
1346 4099 1380 4167 in
1400 4101 1507 4181 aula;

553 4271 665 4337 Terra
684 4269 770 4336 mihi
790 4269 888 4336 cedat
907 4269 997 4359 regis
1014 4270 1180 4336 mandata
1196 4268 1332 4337 ferenti.

619 4625 626 4656 ¹
648 4625 781 4679 Machab.
800 4624 820 4677 Ι.
836 4623 861 4688 6,
880 4624 921 4692 34.
