3970 5580
521 503 562 566 62
1030 515 1187 560 susanna

524 697 579 777 Et,
598 715 688 782 quae
706 693 779 758 sola
800 707 927 779 potest,
946 689 1152 755 tendentem
1170 686 1306 753 lumina
1323 685 1421 752 coelo

523 863 562 928 ln
581 862 655 928 loca
676 878 774 927 senta
792 859 948 939 trahunt,
969 855 1028 924 ubi
1051 855 1142 922 saxis
1159 855 1286 921 obruta
1305 853 1436 944 passim

523 1031 614 1118 Lege
633 1043 899 1118 peremptorum
917 1024 1103 1090 solvuntur
1119 1044 1266 1111 corpora
1287 1022 1377 1088 tabe.

569 1199 650 1264 Huc
667 1195 726 1262 ubi
747 1211 956 1284 perventum
978 1211 1029 1259 est
1047 1191 1258 1281 penitusque
1276 1192 1389 1257 ablata
1408 1190 1544 1256 videtur

523 1367 613 1455 Spes
633 1363 765 1446 omnis,
787 1361 939 1429 minimo
959 1361 1086 1429 mulier
1106 1359 1309 1428 discrimine
1328 1359 1398 1441 leti„

523 1534 593 1606 Sed
614 1532 787 1622 probitate
805 1554 868 1600 sua
886 1549 919 1598 et
939 1552 1068 1619 supero
1085 1530 1216 1596 conlisa
1234 1527 1352 1595 favore

523 1700 738 1772 Circumfert
755 1701 888 1782 oculos,
909 1716 1023 1789 pateat
1042 1698 1095 1765 via
1113 1697 1140 1764 si
1160 1719 1229 1786 qua
1247 1698 1363 1764 saluti.

526 1870 621 1938 Hinc
640 1870 732 1936 videt
751 1869 880 1935 infidos
900 1886 1003 1935 testes
1020 1869 1234 1956 turbamque
1252 1867 1443 1946 minacemq

525 2037 638 2104 inscia
657 2059 746 2126 quae
769 2038 905 2126 placare
926 2038 1038 2104 Deum
1061 2036 1110 2102 nil
1132 2036 1198 2102 tale
1217 2053 1394 2124 petentem

525 2205 640 2273 Caede
660 2221 770 2293 parat.
792 2205 898 2270 Facto
917 2203 997 2292 pius
1015 2221 1047 2270 et
1065 2203 1263 2292 culpandus
1279 2204 1403 2269 eodem

524 2371 690 2461 Quisque
711 2394 817 2438 manu
837 2389 947 2460 gestat
964 2370 1112 2454 silicem,
1132 2371 1309 2438 silicemve
1329 2369 1487 2458 requirit,

526 2541 639 2628 lnque
660 2539 750 2606 vices
767 2563 885 2606 caecas
905 2559 1038 2607 acuunt
1055 2541 1253 2607 hortatibus
1272 2539 1352 2606 iras

527 2707 622 2776 Hinc
639 2708 768 2775 coniux
787 2709 996 2798 genitorque
1014 2710 1153 2775 adstant
1170 2726 1202 2775 et
1220 2709 1380 2798 squalida
1402 2725 1524 2786 maten

525 2877 695 2944 Germani
715 2876 809 2943 iuxta
830 2894 863 2943 et
881 2877 1011 2944 laniato
1028 2877 1123 2944 crine
1142 2900 1291 2960 sorores,

527 3043 587 3110 Nil
606 3043 684 3133 opis
702 3061 735 3110 at
755 3044 918 3112 lacrimas
939 3062 1076 3112 tantum
1094 3045 1317 3135 gemitusque
1334 3045 1493 3112 ferentes.

525 3212 658 3280 Oscula
676 3212 795 3279 divisit
814 3231 1001 3302 postquam
1023 3236 1189 3303 suprema
1210 3237 1272 3304 per
1291 3237 1430 3296 omnes,

524 3382 674 3449 Talibus
695 3382 866 3450 afflictum
886 3401 935 3450 est
952 3383 1044 3450 ultro
1063 3384 1171 3450 solata
1190 3383 1358 3451 maritum
1378 3409 1385 3448 z

525 3574 545 3612 ‹<
563 3549 651 3618 Care
671 3550 745 3616 vale
766 3551 938 3633 loacbim‚
959 3550 1047 3617 mihi
1069 3551 1205 3640 primus
1223 3569 1255 3618 et
1273 3552 1398 3618 unicus
1415 3553 1533 3634 ardon

526 3716 647 3801 Quem
668 3739 769 3784 meus
791 3718 885 3784 haud
913 3740 1071 3806 unquam
1090 3720 1215 3787 deiecit
1235 3742 1406 3808 amorque
1426 3721 1583 3808 fidesque
1600 3741 1608 3807 3

527 3884 585 3954 Sic
604 3885 689 3953 milti
711 3907 875 3974 suprema
899 3888 994 3954 Deus
1010 3888 1099 3954 adsit
1116 3910 1322 3977 comprecor
1340 3891 1438 3970 liora,

530 4053 577 4121 Ut
601 4075 673 4119 non
694 4069 809 4120 mente
829 4054 939 4138 nefas,
959 4056 1089 4123 nedum
1108 4079 1188 4123 sum
1205 4079 1351 4146 corpore
1370 4079 1484 4146 passa,

530 4221 649 4308 thue
667 4241 750 4288 nece
768 4240 820 4289 est
843 4222 919 4312 ipsa
939 4223 1081 4313 gravius
1100 4225 1274 4292 velamine
1292 4245 1390 4315 rapto

528 4386 783 4456 Insidiatotum
802 4391 898 4457 visus
916 4391 1069 4480 perferre
1090 4416 1265 4482 procaces.

529 4556 658 4623 Nostra
676 4557 739 4625 tibi
759 4559 890 4626 arando
908 4561 1111 4648 praedulcia
1129 4561 1277 4652 pignora
1296 4582 1408 4645 natos,
