3972 5654
519 498 582 561 256
814 516 929 562 ronna
955 516 1111 562 tumosis
1136 517 1395 562 ruanoaruxrro

562 690 759 759 Consuetas
779 711 882 756 exosa
898 689 1007 772 colos,
1029 711 1132 756 exosa
1153 689 1310 778 quietem

605 857 701 926 Aerii
720 858 853 926 montis
870 857 1006 926 scandit
1023 859 1150 925 anhela
1168 857 1307 949 iugum.

562 1026 631 1094 Hic
649 1043 773 1094 natum
792 1026 982 1117 opperiens
999 1028 1086 1095 latos
1104 1028 1305 1117 speculatur
1322 1027 1358 1095 in
1381 1049 1500 1118 agros,

605 1195 776 1284 Quavis,
798 1195 827 1264 si
846 1197 976 1280 redeat,
995 1214 1092 1286 parte
1110 1199 1257 1265 terenda
1281 1215 1387 1286 patet.

562 1364 734 1434 Fallitur?
752 1387 795 1432 an
816 1365 930 1454 spatio
947 1365 1036 1433 bene
1052 1388 1143 1454 quae
1160 1365 1359 1433 discernere
1378 1387 1449 1433 non
1468 1382 1533 1448 est,

603 1533 805 1601 Adventare
823 1534 917 1603 videt
933 1556 1081 1625 corpora
1099 1554 1197 1603 terna
1216 1535 1364 1624 procul?

562 1703 697 1770 Pendet
715 1703 748 1769 in
769 1702 914 1786 incerto,
937 1723 1195 1793 prospectuque
1218 1705 1336 1772 haeret
1356 1704 1479 1771 eodem
1502 1729 1510 1770 :

606 1871 767 1940 Materna
784 1872 921 1940 exacuit
937 1871 1073 1939 lumina
1092 1872 1201 1961 prolis
1219 1895 1331 1941 amor.

559 2041 728 2132 Agnoscit
745 2042 885 2108 tandem
905 2063 1056 2131 puerum
1074 2041 1313 2130 comitemque
1330 2061 1542 2130 canemque,

604 2209 680 2298 Qui
702 2211 872 2278 reducum
891 2209 990 2276 velox
1008 2209 1156 2277 nuntius
1173 2232 1248 2277 esse
1265 2209 1374 2298 cupit.

560 2377 698 2458 Exsilit,
716 2395 749 2445 et
766 2377 901 2446 subitas
921 2379 1050 2446 mulier
1067 2378 1167 2467 quasi
1186 2377 1378 2467 sumpserit
1395 2379 1480 2457 alas,

606 2547 673 2613 Vix
691 2546 793 2614 celeri
814 2546 898 2615 libat
915 2547 1023 2615 devia
1043 2569 1125 2614 saxa
1148 2548 1249 2636 pede.

559 2714 618 2786 Sic
640 2716 731 2783 volat
751 2715 809 2782 ilia
827 2717 989 2798 domum,
1009 2717 1198 2806 primoque
1216 2713 1387 2783 ablimine
1407 2715 1560 2782 clamat:

602 2885 751 2952 «Natus
769 2885 878 2967 adest,
898 2884 1028 2953 coniux
1045 2909 1054 2966 3
1074 2907 1177 2975 surge
1195 2906 1271 2974 age,
1291 2902 1394 2952 natus
1412 2885 1523 2951 adest.
1541 2909 1562 2946 »

559 3055 660 3138 Ecce,
682 3053 891 3144 profecturis
907 3053 969 3142 qui
990 3076 1026 3121 se
1044 3053 1237 3121 sociaverat
1253 3053 1361 3135 ultr0‚

603 3221 775 3312 irrumpit
791 3239 922 3290 tectum
939 3223 1030 3290 fidus
1052 3222 1162 3290 herile
1182 3221 1293 3289 canis.

557 3391 714 3462 Saltibus
731 3408 764 3458 et
781 3410 876 3459 mota
896 3407 1028 3458 testans
1048 3414 1110 3458 sua
1129 3391 1261 3476 gaudia
1281 3392 1392 3458 cauda

599 3559 766 3629 Gratatur
783 3558 954 3642 dominis,
973 3581 1044 3647 quo
1064 3559 1154 3648 potis
1176 3559 1246 3644 ille,
1269 3559 1389 3627 modo.

556 3735 602 3797 At
618 3751 722 3796 cursu
742 3727 891 3795 minime
909 3727 1059 3819 genitrix
1078 3729 1203 3795 lassata
1223 3727 1331 3817 priori

605 3897 723 3967 Obvia
741 3898 777 3964 tit
794 3913 891 3980 nato,
909 3896 1070 3986 collaque
1088 3919 1166 3964 cara
1184 3914 1289 3964 tenet.

558 4069 652 4136 Dum
671 4068 841 4154 sequitur,
861 4065 1093 4154 tenebrasque
1113 4088 1219 4132 manu
1239 4083 1433 4155 praetentat
1451 4065 1590 4149 inanes,

601 4236 718 4303 Paene
741 4253 876 4323 patrem
894 4233 1018 4301 offensi
1037 4235 1225 4302 destituere
1244 4236 1364 4325 pedes.

556 4405 770 4474 Commodat
792 4402 873 4470 huic
893 4403 1083 4469 humerum
1102 4419 1206 4490 atque
1224 4401 1312 4492 regit
1329 4401 1474 4493 vestigia
1496 4425 1641 4491 servus3

600 4573 683 4640 Mox
701 4571 802 4661 pueri
822 4588 942 4660 pectus
961 4569 1079 4656 iungit
1096 4590 1129 4639 et
1146 4571 1220 4660 ipse
1239 4594 1314 4638 suo.
