3972 5654
589 567 705 612 TOBIAE
732 568 888 614 IUNiORlS
914 570 1172 615 PEREGRINATIO
1404 573 1461 636 271

335 737 424 827 Quo
443 757 575 807 vestros
594 763 755 808 moveam
776 764 914 825 sensus,
934 765 1036 809 mens
1057 744 1215 832 corporis
1233 766 1369 834 expers,

386 910 483 976 Haec
501 910 630 978 adscita
651 910 752 992 mihi,
773 933 842 977 non
863 933 953 986 ntea,
972 911 1086 979 forma
1106 911 1182 980 suit.

337 1078 421 1144 Non
443 1096 574 1146 temere
594 1079 628 1146 in
651 1080 753 1148 terris
772 1080 930 1170 Rapbae'l
949 1103 1014 1171 ego
1032 1081 1177 1149 nomine
1195 1081 1305 1164 dicor,

382 1248 458 1336 Qui
481 1271 647 1338 praesens
668 1249 781 1340 aegris
799 1272 878 1317 sum
898 1251 1073 1318 medicina
1091 1251 1168 1320 Dei.
1190 1257 1200 1296 ยน

340 1420 435 1486 Dum
451 1419 622 1486 miserans
644 1419 741 1509 inopi
763 1442 842 1487 aera
860 1420 968 1488 dabas
986 1442 1157 1509 caesoque
1175 1423 1392 1511 sepulcrum,

383 1588 464 1677 lpse
484 1587 546 1654 tibi
567 1588 686 1677 posuit
703 1588 860 1678 praemia
882 1611 1009 1679 magna
1027 1590 1121 1680 polo.

333 1755 404 1825 Cui
423 1774 482 1822 tua
501 1758 793 1846 quandoquidem
810 1758 897 1825 facta
918 1776 970 1825 est
986 1757 1184 1848 gratissima
1204 1758 1326 1838 virtus,

380 1926 502 1994 Rebus
520 1927 553 1993 in
574 1927 730 1994 adversis
748 1927 960 2016 experienda
978 1927 1056 1995 suit.

337 2095 547 2184 Respiciens
564 2097 707 2164 tandem
727 2096 783 2164 ille
801 2113 880 2163 tuos
896 2095 1076 2186 Saraeque
1094 2098 1231 2165 labores

380 2264 506 2333 Audiit
523 2267 726 2348 amborum,
746 2288 801 2333 me
821 2266 1004 2348 referente,
1026 2288 1154 2356 preces.

336 2433 437 2500 lllius
458 2434 525 2500 huc
549 2406 637 2501 nutu
655 2435 794 2523 superis
814 2435 980 2524 delapsos
997 2434 1041 2501 ab
1057 2434 1128 2501 oris

387 2602 521 2672 Omnia
540 2603 668 2694 digessi
687 2625 759 2691 quo
777 2603 869 2670 mala
888 2621 1000 2671 vestra
1021 2604 1144 2671 levem.

337 2773 413 2840 Nec
434 2771 548 2862 piguit
568 2772 698 2840 servire
717 2771 868 2854 homini,
883 2772 971 2839 dum
989 2772 1111 2839 coelite
1131 2771 1239 2862 digna

382 2942 540 3009 Praestat
557 2942 678 3022 horno,
699 2941 886 3008 instinctus
905 2941 1055 3008 numine
1075 2940 1251 3030 quidquid
1269 2941 1351 3031 agit.

336 3109 478 3179 Divitiis
495 3110 586 3178 aucti
609 3109 736 3177 subitis
753 3128 786 3177 et
803 3111 951 3192 honore,
973 3127 1090 3177 cavete

380 3279 537 3347 AEternis
555 3297 704 3347 noceant
722 3302 765 3346 ne
788 3279 878 3346 bona
900 3279 992 3346 fluxa
1013 3278 1126 3346 bonis,

337 3447 562 3537 Pauperibus
583 3469 647 3536 pro
667 3470 702 3515 re
721 3447 814 3536 larga
836 3445 1027 3514 succurrite
1045 3447 1177 3526 dextra,

384 3619 429 3685 Et
447 3617 537 3684 vitae
556 3633 697 3684 maneat
714 3615 775 3704 qui
793 3614 859 3681 fuit
876 3633 954 3682 ante
972 3632 1083 3682 tenor.

337 3787 417 3855 Rite
437 3786 500 3854 Dei
521 3785 620 3852 vobis
638 3784 860 3852 celebrentur
880 3784 986 3865 dona,
1005 3783 1156 3872 piusque

382 3957 557 4024 Enarrare
576 3955 692 4044 palam
711 3953 755 4020 sit
775 3951 954 4020 benefacta
974 3952 1081 4019 labor.

337 4123 419 4191 Este
437 4123 574 4190 salutati
592 4149 598 4189 :
618 4121 810 4189 commisso
828 4142 976 4188 munere
994 4119 1146 4202 functus,

381 4291 468 4380 Quo
486 4312 623 4381 poscor,
648 4306 767 4380 repeto
785 4308 890 4378 regna
909 4286 1008 4354 beata
1028 4286 1114 4376 poli,

400 4648 408 4678 ยน
430 4649 543 4701 Nomen
564 4647 688 4718 Rapbael
708 4645 845 4700 Hebraico
860 4656 903 4700 est
919 4642 1066 4698 medicina
1081 4642 1137 4696 Dei
1151 4643 1192 4696 rel
1210 4641 1288 4695 Deus
1301 4658 1419 4694 sonans.
