3928 5580
527 464 569 548 48
982 489 1042 533 vm
1063 489 1224 534 runnara

528 659 719 743 Emissam‚
738 661 840 729 celeri
860 680 930 730 tam
948 684 1077 753 magna
1095 663 1278 732 volumina
1297 681 1406 731 tractu

527 828 596 896 Per
613 851 757 919 campos
774 829 905 914 sinuat,
923 849 995 899 tam
1013 831 1160 899 stridula
1178 832 1281 900 sibila
1300 832 1414 900 ventis

524 998 762 1066 Crebrescunt
778 999 909 1083 scissis,
928 1018 1024 1068 tanto
1041 999 1120 1069 ferit
1137 1019 1228 1070 astra
1245 1001 1415 1070 tumultu.

528 1168 740 1257 Longinquo
757 1169 930 1258 allapsum
949 1169 1006 1236 vix
1024 1192 1207 1238 murmure
1226 1170 1395 1259 prodidit.
1414 1187 1448 1238 et
1465 1170 1536 1238 iam

521 1337 680 1421 Transit,
698 1356 732 1405 et
748 1359 788 1406 ex
806 1338 918 1406 oculis
939 1338 1007 1406 iam
1030 1362 1066 1407 se
1087 1338 1311 1407 servantibus
1328 1339 1466 1407 aufert..

523 1508 605 1575 Non
625 1507 774 1597 abrupta
792 1507 1101 1598 loci-praetentave
1119 1508 1267 1575 flumina
1283 1530 1408 1576 cursus

522 1676 729 1766 Impediunt
746 1695 870 1760 rectos
891 1677 996 1744 vastis
1014 1699 1084 1744 non
1105 1677 1256 1767 rupibus
1272 1679 1383 1768 Alpes
1400 1702 1409 1759 3

522 1847 614 1913 Nam
634 1846 741 1914 modo
762 1845 944 1936 praecipiti
963 1868 1179 1936 suspensum
1196 1847 1334 1936 gurgite
1355 1864 1500 1936 pontem

519 2015 614 2082 Mole
634 2015 727 2098 terit,
747 2015 952 2104 volucrique
966 2033 1126 2083 tremunt
1147 2014 1213 2082 sub
1231 2016 1387 2104 pondere
1406 2013 1510 2104 pilae,

517 2184 846 2252 Adversum'modo
863 2207 899 2252 se
918 2183 975 2251 illa
993 2183 1116 2252 furens
1134 2182 1293 2252 immittit
1311 2183 1347 2250 in
1366 2200 1506 2251 antrum

520 2352 697 2421 Horrifico
717 2353 858 2421 sonitu:
880 2375 1000 2421 vocem
1018 2374 1101 2420 cava
1119 2353 1271 2420 claustra
1291 2353 1461 2434 volutant,

517 2521 647 2589 Limite
664 2521 805 2590 defosso
823 2521 965 2611 penitus
984 2522 1072 2589 dum
1091 2521 1224 2588 viscera
1244 2539 1355 2588 terrae

515 2689 699 2761 Scrutatur
714 2690 857 2780 raptim,
879 2690 1097 2780 Phoeboque
1116 2691 1189 2757 loca
1207 2689 1304 2758 invia
1326 2688 1416 2756 visit.

515 2861 702 2928 Exclusam
719 2859 852 2928 interea
871 2876 1034 2928 revocant
1052 2858 1185 2926 funalia
1203 2859 1332 2941 lucem,

513 3029 583 3097 Per
602 3029 718 3097 varios
735 3028 845 3118 pascit
862 3029 949 3096 dum
969 3029 1153 3096 flammam
1172 3029 1323 3095 adducta
1341 3027 1480 3094 canales

509 3202 607 3267 Aura
625 3197 726 3282 levis,
743 3197 887 3288 gravida
903 3198 1044 3288 qualem
1063 3221 1098 3264 se
1120 3197 1277 3265 vidimus
1294 3195 1381 3263 olim

512 3369 695 3458 Rumpere
713 3369 838 3449 hum0‚
859 3384 956 3435 cocto
976 3366 1129 3434 carbone
1147 3364 1331 3432 imitamur
1346 3381 1380 3431 et
1399 3381 1494 3432 arte:

511 3537 662 3605 Lumine
682 3559 746 3604 nec
763 3536 834 3603 iam
855 3538 961 3604 audet
977 3535 1120 3626 pinguis
1137 3533 1348 3601 contendere
1367 3533 1496 3601 Pallas.

509 3706 596 3773 lude
614 3705 711 3774 brevi
731 3727 854 3773 rursus
875 3726 1020 3793 superas
1038 3702 1154 3770 evadit
1174 3703 1216 3770 ad
1238 3725 1341 3769 auras

510 3876 644 3958 Bellua‚
663 3891 696 3941 et
714 3873 892 3962 inceptum
913 3893 1086 3961 persana,
1109 3893 1170 3960 per
1188 3893 1284 3955 arva,
1301 3892 1363 3960 per
1383 3870 1488 3938 urbes

507 4045 627 4136 Pergit
644 4045 709 4113 iter
727 4062 830 4112 vento
847 4043 949 4110 citior
966 4043 1019 4108 vel
1037 4040 1198 4108 fulminis
1219 4040 1295 4107 alis,

507 4218 580 4283 Nec
596 4216 693 4305 picea
711 4235 823 4303 quum
842 4212 956 4280 telluri
979 4233 1048 4278 nox
1067 4210 1209 4278 incubat
1227 4209 1353 4276 umbra

506 4388 619 4476 Lapsa
637 4385 733 4474 polu,
755 4382 847 4473 sopit
866 4381 1029 4448 stimulos
1046 4401 1246 4470 agmenque
1265 4395 1446 4456 moraturt

504 4556 689 4644 Purpurea
708 4553 766 4620 sed
787 4551 861 4620 dira
879 4550 970 4618 ferae
992 4567 1083 4616 stant
1104 4547 1240 4616 lumina
1257 4547 1414 4630 flamma,
