3970 5580
1012 566 1161 611 tUotTttn

588 741 692 806 Tunc
709 737 849 806 fraudes
868 739 1032 806 meditata
1051 738 1140 828 pias,
1162 757 1433 828 commentaque
1452 738 1544 806 veris

590 908 732 975 luditha
751 907 935 974 involvens
957 924 1096 976 versuto
1114 907 1160 975 ita
1179 926 1318 997 pectore
1336 907 1451 975 satur:

588 1077 762 1166 «Sospite
781 1076 829 1144 sic
848 1078 994 1165 longum
1013 1099 1134 1166 sospes
1152 1078 1277 1145 laetere
1296 1078 1485 1158 Nabuch0,

590 1247 634 1314 Et
650 1266 707 1313 tua
729 1249 952 1315 transcendat
972 1264 1145 1315 terrarum
1165 1247 1275 1336 gloria
1298 1248 1399 1328 fines,

590 1417 639 1485 Ut
653 1437 721 1482 non
735 1438 822 1482 vana
835 1417 970 1504 loquar.
988 1415 1088 1503 Quid
1100 1415 1198 1482 enim
1210 1417 1304 1484 bunc
1315 1439 1379 1506 ego
1393 1416 1512 1483 fallere
1522 1416 1672 1484 demens

587 1584 795 1674 Aggrediar‚
815 1583 915 1651 cuius
936 1584 1004 1651 lato
1026 1605 1094 1652 non
1114 1583 1237 1651 bellica
1259 1584 1370 1651 virtus

589 1753 717 1820 Notior
732 1770 783 1821 est
800 1753 875 1820 orbi
896 1772 1011 1820 vastae
1032 1776 1139 1842 quam
1162 1753 1291 1821 mentis
1316 1755 1493 1821 acumen?

587 1920 748 2009 Quando
767 1944 807 1988 ea
825 1940 856 1989 te
874 1939 1035 2012 tangunt,
1056 1922 1206 1991 miserae
1224 1922 1308 1990 huic
1328 1922 1439 1990 fecere
1462 1939 1627 2011 parentes

588 2091 752 2158 luditbae
772 2113 926 2158 nomen:
945 2090 1090 2161 Simeon
1112 2091 1198 2159 mibi
1216 2091 1330 2182 gentis
1348 2092 1460 2181 origO,

589 2259 712 2327 Diruta
733 2282 805 2348 quo
823 2278 941 2349 raptor
959 2260 1044 2328 vidit
1064 2284 1126 2328 sua
1144 2260 1286 2327 moenia
1304 2259 1462 2330 Sicbem.

591 2430 735 2497 Iunctae
751 2428 836 2496 olim
857 2429 1021 2496 thalamis
1038 2429 1184 2518 pulchra
1200 2430 1243 2496 de
1261 2429 1368 2518 stirpe
1387 2430 1569 2497 Manasses

584 2602 674 2666 Ante
692 2598 788 2666 diem
808 2616 1013 2687 praereptus
1030 2620 1116 2688 opes
1136 2597 1330 2666 transmisit
1350 2598 1475 2682 avitas,

588 2766 724 2858 Exigua
745 2767 886 2835 orbatae
905 2769 1023 2857 magni
1043 2769 1165 2835 solatia
1184 2769 1310 2835 luctus.

587 2934 658 3005 Sed
677 2935 762 3024 quid
780 2958 888 3025 opum
904 2935 1110 3003 meminisse
1130 2937 1225 3004 iuvat
1242 2936 1406 3026 stirpisve
1423 2938 1585 3014 decorae,

587 3103 756 3192 Captivae
774 3127 884 3193 quum
905 3104 954 3171 nii
973 3105 1156 3195 proprium
1176 3105 1317 3173 fortuna
1336 3105 1492 3196 reliquit,

587 3271 700 3359 inque
718 3271 828 3338 oculis
848 3291 924 3338 atro
941 3290 1143 3340 mersantur
1159 3271 1282 3340 funere
1303 3273 1410 3353 cives,

587 3439 747 3508 Numine
766 3463 855 3529 quos
873 3441 967 3507 laeso
985 3440 1096 3509 virtus
1110 3441 1293 3510 temeraria
1312 3441 1399 3510 tristi

587 3609 767 3698 implicuit
786 3610 890 3692 belim
909 3609 1071 3699 cladique
1089 3609 1217 3677 obiecit
1234 3612 1405 3678 acerbae?

585 3777 820 3867 Abruptoque
840 3778 915 3845 loco
932 3797 964 3845 et
981 3797 1112 3847 structo
1131 3779 1332 3847 munimine
1350 3779 1425 3846 freti

587 3947 764 4014 Producto
785 3948 948 4014 adversas
969 3949 1155 4015 absumere
1174 3966 1332 4038 tempore
1355 3950 1446 4016 vires

585 4114 793 4204 Speravere‚
812 4117 953 4205 tuisque
972 4140 1088 4184 moras
1107 4117 1284 4186 innectere
1305 4119 1446 4202 turmis,

586 4285 660 4352 Nec
679 4285 825 4372 reliquis
843 4285 950 4352 subiit
967 4304 1141 4374 quantum
1160 4288 1366 4355 ductoribus
1384 4307 1508 4356 exstes.

585 4455 660 4521 Cur
677 4453 792 4520 vitalis
811 4476 922 4542 aquae
944 4455 1073 4521 nostris
1090 4454 1256 4524 defecerit
1274 4481 1372 4538 usus,

587 4622 667 4689 Non
691 4641 723 4689 te
740 4645 843 4689 causa
863 4622 972 4712 fugit:
996 4624 1094 4712 quid,
1114 4626 1209 4713 quod
1228 4648 1347 4715 super,
1366 4627 1473 4694 altera
1491 4625 1617 4716 pestis,
