3928 5580
727 559 822 606 MONS
847 559 984 605 PlNCIUS

270 737 314 804 Et
332 736 507 802 domuum
526 732 642 823 podiis
659 733 821 800 velorum
835 732 968 801 sericus
985 733 1072 801 ordo

270 903 423 972 Defluit:
446 901 582 970 instrati
600 923 724 970 currus
744 901 945 991 pariterque
964 901 1098 992 iugales

271 1071 469 1141 Luxuriant
487 1070 573 1139 festa
591 1070 714 1139 fronde
731 1087 930 1160 ornatuque
947 1088 1115 1160 tapetum.

266 1243 373 1310 Tunc
391 1240 497 1307 etiam
514 1239 613 1308 collis
632 1239 733 1306 multi
749 1239 879 1328 petiere
899 1239 1062 1328 Quirites

270 1408 494 1499 Perfugium,
516 1431 607 1497 quos
627 1408 799 1476 nimirum
823 1409 1010 1498 prudentia
1028 1430 1151 1498 segnes

269 1581 298 1646 E
317 1595 393 1647 tuto
413 1579 494 1647 belli
514 1579 654 1648 monuit
673 1596 829 1668 spectare
843 1578 994 1646 labores.

271 1748 365 1815 Nam
384 1748 524 1816 vehitur
542 1770 631 1837 quae
651 1748 754 1815 turba
771 1747 855 1816 rotis
872 1748 939 1814 cita
956 1769 1117 1836 quaeque
1135 1747 1306 1836 pedestris

269 1917 422 1984 interius
438 1917 553 2005 campi
573 1915 728 2006 spatium
746 1933 852 1998 tenet,
872 1916 977 1984 altius
997 1933 1030 1983 et
1047 1938 1137 2005 quae

267 2085 413 2155 Obsidit
430 2108 577 2168 cuneos,
598 2108 660 2152 ceu
680 2085 853 2153 seditione
873 2103 1004 2166 coorta,

268 2259 378 2323 Arma
397 2253 567 2338 fremunt,
586 2253 804 2343 miscentque
825 2275 967 2336 manus,
994 2276 1224 2345 pugnamque
1252 2256 1437 2322 lacessunt.

271 2424 351 2491 Hoc
368 2439 484 2490 tamen
504 2424 664 2490 advertes
681 2423 777 2510 quod
797 2444 866 2488 non
889 2421 1089 2490 immitibus
1109 2423 1218 2490 armis

267 2593 495 2662 Concursant
513 2591 620 2675 cives,
640 2593 777 2660 madeat
796 2615 910 2682 neque
929 2592 1101 2681 sanguine
1121 2593 1234 2660 tellus.

272 2760 342 2828 Pro
362 2762 496 2850 gemitu
516 2779 652 2828 moesto
669 2760 850 2850 strictique
869 2761 1057 2829 sonoribus
1073 2761 1167 2828 ensis

273 2929 401 2995 Laetus
419 2927 553 3016 ubique
572 2950 675 2995 aures
688 2929 821 2996 clamor
839 2929 1000 3017 risusque
1018 2929 1155 2997 solutus

269 3094 452 3184 Impellit3
470 3096 619 3163 telorum
642 3097 774 3164 etenim
803 3116 990 3166 vertuntur
1008 3098 1042 3165 in
1061 3121 1165 3166 usum

272 3262 442 3331 Fasciculi
466 3264 595 3332 florum
613 3265 714 3354 pictis
733 3266 785 3334 vel
804 3265 929 3334 amicta
947 3267 1094 3334 cucullis

269 3431 460 3515 Crustula3
481 3455 631 3501 necnon
651 3453 683 3502 et
704 3435 858 3502 reserens
880 3435 1077 3503 imitamine
1096 3437 1217 3503 baccas

273 3601 396 3689 Usque
415 3602 507 3668 volat
523 3603 741 3692 crepitatque
761 3605 889 3672 cadens
908 3627 969 3694 per
989 3604 1124 3693 pulpita
1142 3627 1293 3695 gypsum

270 3767 466 3836 Grandinis
484 3771 517 3837 in
539 3793 695 3838 morem:
716 3773 877 3840 candenti
898 3775 1042 3862 pulvere
1063 3774 1209 3841 nimbus

270 3935 404 4005 Obruit
420 3939 599 4022 adversm,
618 3959 651 4008 et
668 3941 768 4008 siccis
786 3941 947 4009 faucibus
963 3944 1093 4010 haeret.

272 4106 354 4172 Non
374 4124 492 4175 tamen
513 4109 688 4176 absistunt
705 4110 827 4193 armis,
847 4111 1037 4200 ipsumque
1057 4111 1176 4180 iocoso

270 4273 480 4343 Femineum
500 4299 611 4366 genus
630 4279 721 4345 haud
744 4279 881 4348 dubitat
899 4304 934 4349 se
951 4283 1093 4350 credere
1115 4283 1237 4350 Marti.

274 4441 341 4510 Per
359 4445 520 4512 medium
542 4447 709 4537 egregius
729 4471 838 4538 quum
859 4473 894 4516 se
916 4450 1002 4518 forte
1020 4450 1160 4539 expedit
1175 4473 1304 4537 agmen

271 4610 496 4701 Insidiasque
517 4637 605 4704 puer
627 4637 763 4685 versuta
783 4638 898 4686 mente
916 4620 1060 4691 volutat.
