3928 5580
507 555 549 637 54
1034 575 1166 620 unitura

505 747 691 836 Aurigam,
710 765 926 815 metuentem
944 747 1049 815 etiam
1069 771 1163 816 nunc
1185 749 1312 817 Pistris
1333 749 1450 816 hiatus

505 917 757 984 Andromedan
777 935 809 984 et
826 934 857 983 te
875 935 1069 1007 gestantem
1087 917 1271 1008 Gorgona,
1292 919 1423 985 Persen
1441 921 1448 983 l

505 1085 714 1175 Cassiopen,
738 1087 918 1169 Deltoton,
939 1087 1032 1176 Equi
1052 1104 1130 1177 post
1147 1087 1235 1154 colla
1254 1087 1404 1154 minoris

507 1254 683 1344 Pegason,
704 1254 858 1332 Iasiden,
878 1256 997 1323 Pisces
1015 1257 1249 1345 Cycnumque
1268 1258 1483 1346 Lyramque,

504 1423 667 1506 Alciden,
684 1423 884 1492 Ariadnaea
901 1426 944 1492 de
960 1424 1074 1492 fronte
1094 1425 1220 1492 relatas

504 1593 558 1661 Ad
578 1615 724 1683 superos
741 1614 901 1682 gemmas
917 1611 950 1661 et
968 1593 1091 1661 inertis
1112 1593 1267 1682 plaustra
1286 1595 1431 1674 Bootae,

505 1768 631 1853 Angue
651 1764 751 1830 datos
772 1763 882 1830 flexus
904 1785 1136 1852 securamque
1152 1762 1318 1852 aequoris
1337 1767 1485 1845 Arcton,

507 1931 601 2000 Utile
619 1931 769 2020 navigiis
789 1931 900 2014 sidus,
920 1931 1143 2022 praesentius
1165 1949 1245 1999 ante

506 2101 681 2190 Magnetis
698 2121 806 2189 quam
824 2100 989 2168 sensisset
1006 2100 1243 2168 medicamina
1265 2099 1407 2167 ferrum.

549 2268 680 2357 Sparsa
698 2290 760 2357 per
778 2269 995 2336 immensum
1014 2291 1125 2358 quum
1146 2269 1211 2337 rite
1230 2267 1407 2336 recensuit
1431 2285 1536 2347 astra,

504 2436 679 2526 Quinque
701 2438 804 2505 resert
821 2461 929 2505 zonas
947 2437 1065 2505 senior
1082 2437 1288 2526 mediasque
1310 2454 1486 2504 secantem

504 2608 594 2674 Tres
614 2629 720 2674 zonas
738 2629 882 2688 arcum3
900 2607 1063 2674 duodena
1082 2625 1249 2696 gerantur
1269 2623 1305 2673 ut
1323 2605 1373 2673 illi

506 2774 629 2865 Signa,
648 2775 721 2843 suis
743 2775 878 2842 Phoebi
896 2793 1039 2864 peragat
1056 2797 1146 2863 quae
1165 2774 1349 2842 mensibus
1367 2775 1440 2841 axis
1459 2797 1467 2861 ;

508 2945 627 3032 thue
646 2945 737 3010 vices
753 2944 887 3011 varient
908 2943 998 3011 inter
1016 2965 1051 3010 se
1072 2962 1241 3032 quattuor
1256 2943 1339 3010 anni

505 3113 699 3202 Tempora,
716 3113 802 3180 dum
820 3130 911 3180 terta
928 3113 1088 3202 obliquat
1108 3113 1270 3180 versatile
1289 3113 1456 3201 pondus:

506 3281 646 3369 Quisve
663 3281 842 3364 homines,
864 3281 930 3348 sibi
949 3283 1037 3348 dum
1055 3282 1155 3349 sedes
1176 3282 1255 3348 data
1274 3281 1440 3364 volvitur,
1460 3303 1560 3347 error

508 3449 671 3538 Impellat
688 3450 851 3539 proprios
868 3450 1027 3517 conferre
1046 3450 1079 3517 in
1098 3449 1211 3518 sidera
1232 3467 1377 3532 motus,

508 3619 570 3686 Vel
592 3642 663 3707 quo
680 3641 784 3708 saepe
804 3620 912 3685 modo
930 3619 1047 3687 radios
1065 3619 1244 3687 secludere
1264 3617 1381 3686 fratris

511 3789 610 3855 Luna
631 3806 748 3876 queat,
767 3806 950 3877 terraeque
972 3787 1126 3855 vicissim
1146 3789 1235 3854 hanc
1253 3788 1388 3854 occulat
1406 3788 1546 3866 umbra,

507 3959 737 4045 Auroraeque
755 3955 840 4023 olim
864 3957 1013 4023 rubeant
1034 3979 1096 4024 cur
1113 3957 1191 4047 igne
1210 3956 1373 4023 Triones.

508 4125 603 4191 Tum
621 4125 743 4192 cadere
762 4142 795 4191 et
812 4125 941 4192 claram
959 4125 1099 4215 fugiens
1120 4125 1179 4192 ubi
1198 4126 1326 4192 ducere
1349 4125 1421 4191 visa
1439 4143 1490 4192 est

509 4292 616 4363 Stella
634 4294 738 4360 refixa
757 4292 882 4376 facem,
901 4315 1052 4360 vacuum
1070 4317 1132 4383 per
1150 4293 1254 4360 inane
1271 4294 1389 4384 vagari

509 4461 668 4551 Corpora
686 4484 785 4529 caeca
802 4479 924 4529 monet
942 4480 1051 4544 vates,
1069 4485 1158 4551 quae
1176 4462 1336 4551 proxima
1356 4480 1468 4530 terrae

509 4629 547 4700 Si
566 4632 711 4718 quando
729 4631 830 4714 liunt,
850 4631 957 4698 simul
983 4632 1097 4698 attrita
1116 4642 1194 4698 ae‘re
1216 4631 1377 4698 flammas
