<?xml version="1.0" encoding="UTF-8"?>
<!DOCTYPE html PUBLIC "-//W3C//DTD XHTML 1.0 Transitional//EN"
    "http://www.w3.org/TR/xhtml1/DTD/xhtml1-transitional.dtd">
<html xmlns="http://www.w3.org/1999/xhtml" xml:lang="en" lang="en">
 <head>
  <title>
</title>
<meta http-equiv="Content-Type" content="text/html;charset=utf-8" />
  <meta name='ocr-system' content='tesseract 3.04.00' />
  <meta name='ocr-capabilities' content='ocr_page ocr_carea ocr_par ocr_line ocrx_word'/>
</head>
<body>
  <div class='ocr_page' id='page_1' title='image "./petriesseivacar00essegoog_0264.png"; bbox 0 0 3972 5654; ppageno 0'>
   <div class='ocr_carea' id='block_1_1' title="bbox 508 441 1318 507">
    <p class='ocr_par' dir='ltr' id='par_1_1' title="bbox 508 441 1318 507">
     <span class='ocr_line' id='line_1_1' title="bbox 508 441 1318 507; baseline -0.002 -19"><span class='ocrx_word' id='word_1_1' title='bbox 508 445 569 507; x_wconf 81' lang='lat'>242</span> <span class='ocrx_word' id='word_1_2' title='bbox 878 443 1069 488; x_wconf 82' lang='lat' dir='ltr'>CONSlLlUM</span> <span class='ocrx_word' id='word_1_3' title='bbox 1096 441 1318 487; x_wconf 72' lang='lat' dir='ltr'>PRAECLARUM</span> 
     </span>
    </p>
   </div>
   <div class='ocr_carea' id='block_1_2' title="bbox 598 615 1515 874">
    <p class='ocr_par' dir='ltr' id='par_1_2' title="bbox 598 615 1515 874">
     <span class='ocr_line' id='line_1_2' title="bbox 598 615 1515 706; baseline -0.002 -22"><span class='ocrx_word' id='word_1_4' title='bbox 598 616 764 706; x_wconf 87' lang='lat' dir='ltr'><strong>Quisque</strong></span> <span class='ocrx_word' id='word_1_5' title='bbox 786 637 884 684; x_wconf 91' lang='lat' dir='ltr'>meos</span> <span class='ocrx_word' id='word_1_6' title='bbox 904 634 1039 705; x_wconf 86' lang='lat' dir='ltr'>poterat</span> <span class='ocrx_word' id='word_1_7' title='bbox 1057 639 1182 683; x_wconf 88' lang='lat' dir='ltr'>sensus</span> <span class='ocrx_word' id='word_1_8' title='bbox 1200 615 1377 683; x_wconf 89' lang='lat' dir='ltr'>inflectere</span> <span class='ocrx_word' id='word_1_9' title='bbox 1394 616 1490 682; x_wconf 92' lang='lat' dir='ltr'>solus</span> <span class='ocrx_word' id='word_1_10' title='bbox 1506 641 1515 694; x_wconf 72' lang='grc' dir='ltr'><strong>ς</strong></span> 
     </span>
     <span class='ocr_line' id='line_1_3' title="bbox 644 783 1340 874; baseline -0.004 -20"><span class='ocrx_word' id='word_1_11' title='bbox 644 784 848 873; x_wconf 89' lang='lat' dir='ltr'>Ancipitem</span> <span class='ocrx_word' id='word_1_12' title='bbox 866 785 925 852; x_wconf 92' lang='lat' dir='ltr'>sed</span> <span class='ocrx_word' id='word_1_13' title='bbox 945 806 1001 852; x_wconf 88' lang='lat' dir='ltr'>me</span> <span class='ocrx_word' id='word_1_14' title='bbox 1020 787 1119 874; x_wconf 87' lang='lat' dir='ltr'>copia</span> <span class='ocrx_word' id='word_1_15' title='bbox 1136 801 1232 874; x_wconf 87' lang='lat' dir='ltr'>grata</span> <span class='ocrx_word' id='word_1_16' title='bbox 1250 783 1340 851; x_wconf 84' lang='lat' dir='ltr'>lacit.</span> 
     </span>
    </p>
   </div>
   <div class='ocr_carea' id='block_1_3' title="bbox 599 953 1535 1044">
    <p class='ocr_par' dir='ltr' id='par_1_3' title="bbox 599 953 1535 1044">
     <span class='ocr_line' id='line_1_4' title="bbox 599 953 1535 1044; baseline -0.001 -22"><span class='ocrx_word' id='word_1_17' title='bbox 599 953 723 1043; x_wconf 89' lang='lat' dir='ltr'>Quare</span> <span class='ocrx_word' id='word_1_18' title='bbox 741 976 818 1044; x_wconf 77' lang='lat' dir='ltr'>age,</span> <span class='ocrx_word' id='word_1_19' title='bbox 838 975 1048 1043; x_wconf 83' lang='lat' dir='ltr'>suspensam</span> <span class='ocrx_word' id='word_1_20' title='bbox 1067 954 1189 1035; x_wconf 75' lang='lat' dir='ltr'>suade,</span> <span class='ocrx_word' id='word_1_21' title='bbox 1206 953 1409 1021; x_wconf 81' lang='lat' dir='ltr'>certaminis</span> <span class='ocrx_word' id='word_1_22' title='bbox 1428 953 1535 1022; x_wconf 93' lang='lat' dir='ltr'>huius</span> 
     </span>
    </p>
   </div>
   <div class='ocr_carea' id='block_1_4' title="bbox 643 1122 1616 1213">
    <p class='ocr_par' dir='ltr' id='par_1_4' title="bbox 643 1122 1616 1213">
     <span class='ocr_line' id='line_1_5' title="bbox 643 1122 1616 1213; baseline -0.003 -24"><span class='ocrx_word' id='word_1_23' title='bbox 643 1123 720 1213; x_wconf 92' lang='lat' dir='ltr'>Qui</span> <span class='ocrx_word' id='word_1_24' title='bbox 740 1122 865 1191; x_wconf 82' lang='lat' dir='ltr'>referat</span> <span class='ocrx_word' id='word_1_25' title='bbox 883 1123 1053 1212; x_wconf 73' lang='lat' dir='ltr'>palmam,</span> <span class='ocrx_word' id='word_1_26' title='bbox 1073 1144 1181 1210; x_wconf 90' lang='lat' dir='ltr'>quem</span> <span class='ocrx_word' id='word_1_27' title='bbox 1200 1122 1289 1190; x_wconf 88' lang='lat' dir='ltr'>bene</span> <span class='ocrx_word' id='word_1_28' title='bbox 1307 1140 1417 1211; x_wconf 89' lang='lat' dir='ltr'>nupta</span> <span class='ocrx_word' id='word_1_29' title='bbox 1438 1144 1576 1211; x_wconf 89' lang='lat' dir='ltr'>sequar.</span> <span class='ocrx_word' id='word_1_30' title='bbox 1596 1149 1616 1186; x_wconf 85' lang='lat'>&gt;›</span> 
     </span>
    </p>
   </div>
   <div class='ocr_carea' id='block_1_5' title="bbox 601 1289 1624 4417">
    <p class='ocr_par' dir='ltr' id='par_1_5' title="bbox 601 1289 1624 1550">
     <span class='ocr_line' id='line_1_6' title="bbox 601 1289 1624 1381; baseline -0.003 -21"><span class='ocrx_word' id='word_1_31' title='bbox 601 1293 691 1360; x_wconf 88' lang='lat' dir='ltr'>llle:</span> <span class='ocrx_word' id='word_1_32' title='bbox 715 1290 846 1362; x_wconf 83' lang='lat' dir='ltr'>«Solet</span> <span class='ocrx_word' id='word_1_33' title='bbox 865 1313 977 1381; x_wconf 90' lang='lat' dir='ltr'>genus</span> <span class='ocrx_word' id='word_1_34' title='bbox 995 1290 1074 1372; x_wconf 73' lang='lat' dir='ltr'>hoc,</span> <span class='ocrx_word' id='word_1_35' title='bbox 1097 1289 1226 1379; x_wconf 75' lang='lat' dir='ltr'>inquit,</span> <span class='ocrx_word' id='word_1_36' title='bbox 1246 1291 1328 1358; x_wconf 87' lang='lat' dir='ltr'>dare</span> <span class='ocrx_word' id='word_1_37' title='bbox 1350 1290 1455 1359; x_wconf 87' lang='lat' dir='ltr'>verba</span> <span class='ocrx_word' id='word_1_38' title='bbox 1476 1292 1624 1381; x_wconf 88' lang='lat' dir='ltr'>puellis:</span> 
     </span>
     <span class='ocr_line' id='line_1_7' title="bbox 645 1459 1429 1550; baseline -0.004 -21"><span class='ocrx_word' id='word_1_39' title='bbox 645 1462 728 1529; x_wconf 95' lang='lat' dir='ltr'>Non</span> <span class='ocrx_word' id='word_1_40' title='bbox 749 1460 878 1542; x_wconf 69' lang='lat' dir='ltr'>verbis,</span> <span class='ocrx_word' id='word_1_41' title='bbox 897 1482 1002 1549; x_wconf 91' lang='lat' dir='ltr'>opere</span> <span class='ocrx_word' id='word_1_42' title='bbox 1020 1478 1071 1528; x_wconf 90' lang='lat' dir='ltr'>est</span> <span class='ocrx_word' id='word_1_43' title='bbox 1093 1459 1312 1550; x_wconf 90' lang='lat' dir='ltr'>inspicienda</span> <span class='ocrx_word' id='word_1_44' title='bbox 1331 1461 1429 1528; x_wconf 87' lang='lat' dir='ltr'>fides.</span> 
     </span>
    </p>

    <p class='ocr_par' dir='ltr' id='par_1_6' title="bbox 602 1628 1508 1887">
     <span class='ocr_line' id='line_1_8' title="bbox 602 1628 1500 1717; baseline -0.001 -21"><span class='ocrx_word' id='word_1_45' title='bbox 602 1630 642 1697; x_wconf 94' lang='lat' dir='ltr'>ln</span> <span class='ocrx_word' id='word_1_46' title='bbox 665 1630 788 1712; x_wconf 76' lang='lat' dir='ltr'>salsos,</span> <span class='ocrx_word' id='word_1_47' title='bbox 810 1629 906 1696; x_wconf 88' lang='lat' dir='ltr'>velut</span> <span class='ocrx_word' id='word_1_48' title='bbox 925 1628 1147 1717; x_wconf 78' lang='lat' dir='ltr'>imprudens,</span> <span class='ocrx_word' id='word_1_49' title='bbox 1166 1629 1329 1696; x_wconf 87' lang='lat' dir='ltr'>delabere</span> <span class='ocrx_word' id='word_1_50' title='bbox 1346 1628 1474 1696; x_wconf 85' lang='lat' dir='ltr'>fluctus</span> <span class='ocrx_word' id='word_1_51' title='bbox 1493 1648 1500 1696; x_wconf 92' lang='lat'>:</span> 
     </span>
     <span class='ocr_line' id='line_1_9' title="bbox 649 1796 1508 1887; baseline -0.003 -22"><span class='ocrx_word' id='word_1_52' title='bbox 649 1798 723 1866; x_wconf 89' lang='lat' dir='ltr'>lam</span> <span class='ocrx_word' id='word_1_53' title='bbox 743 1819 866 1864; x_wconf 88' lang='lat' dir='ltr'>nosces</span> <span class='ocrx_word' id='word_1_54' title='bbox 884 1796 1021 1887; x_wconf 92' lang='lat' dir='ltr'>liquido</span> <span class='ocrx_word' id='word_1_55' title='bbox 1038 1819 1145 1886; x_wconf 90' lang='lat' dir='ltr'>quem</span> <span class='ocrx_word' id='word_1_56' title='bbox 1167 1797 1343 1886; x_wconf 84' lang='lat' dir='ltr'>sapienter</span> <span class='ocrx_word' id='word_1_57' title='bbox 1359 1819 1466 1865; x_wconf 91' lang='lat' dir='ltr'>ames.</span> <span class='ocrx_word' id='word_1_58' title='bbox 1488 1825 1508 1862; x_wconf 84' lang='lat'>›&gt;</span> 
     </span>
    </p>

    <p class='ocr_par' dir='ltr' id='par_1_7' title="bbox 604 1965 1491 2225">
     <span class='ocr_line' id='line_1_10' title="bbox 604 1965 1458 2056; baseline 0 -23"><span class='ocrx_word' id='word_1_59' title='bbox 604 1966 713 2034; x_wconf 88' lang='lat' dir='ltr'>Nulla</span> <span class='ocrx_word' id='word_1_60' title='bbox 733 1984 911 2048; x_wconf 75' lang='lat' dir='ltr'>moreest,</span> <span class='ocrx_word' id='word_1_61' title='bbox 930 1966 1007 2033; x_wconf 88' lang='lat' dir='ltr'>licta</span> <span class='ocrx_word' id='word_1_62' title='bbox 1024 1965 1148 2055; x_wconf 86' lang='lat' dir='ltr'>capitis</span> <span class='ocrx_word' id='word_1_63' title='bbox 1167 1965 1337 2056; x_wconf 91' lang='lat' dir='ltr'>vertigine</span> <span class='ocrx_word' id='word_1_64' title='bbox 1356 1966 1458 2052; x_wconf 85' lang='lat' dir='ltr'>virgo</span> 
     </span>
     <span class='ocr_line' id='line_1_11' title="bbox 649 2134 1491 2225; baseline -0.001 -22"><span class='ocrx_word' id='word_1_65' title='bbox 649 2134 808 2224; x_wconf 84' lang='lat' dir='ltr'>Corpore</span> <span class='ocrx_word' id='word_1_66' title='bbox 826 2134 963 2224; x_wconf 83' lang='lat' dir='ltr'>plangit</span> <span class='ocrx_word' id='word_1_67' title='bbox 978 2157 1101 2223; x_wconf 78' lang='lat' dir='ltr'>aquas,</span> <span class='ocrx_word' id='word_1_68' title='bbox 1120 2135 1363 2223; x_wconf 91' lang='lat' dir='ltr'>auxiliumque</span> <span class='ocrx_word' id='word_1_69' title='bbox 1382 2154 1491 2225; x_wconf 88' lang='lat' dir='ltr'>rogat.</span> 
     </span>
    </p>

    <p class='ocr_par' dir='ltr' id='par_1_8' title="bbox 605 2303 1575 2562">
     <span class='ocr_line' id='line_1_12' title="bbox 605 2303 1575 2372; baseline 0.004 -6"><span class='ocrx_word' id='word_1_70' title='bbox 605 2303 681 2369; x_wconf 85' lang='lat' dir='ltr'>Vox</span> <span class='ocrx_word' id='word_1_71' title='bbox 699 2325 739 2370; x_wconf 91' lang='lat' dir='ltr'>ea</span> <span class='ocrx_word' id='word_1_72' title='bbox 759 2324 829 2370; x_wconf 91' lang='lat' dir='ltr'>non</span> <span class='ocrx_word' id='word_1_73' title='bbox 852 2303 978 2370; x_wconf 91' lang='lat' dir='ltr'>surdas</span> <span class='ocrx_word' id='word_1_74' title='bbox 997 2305 1246 2370; x_wconf 88' lang='lat' dir='ltr'>tantummodo</span> <span class='ocrx_word' id='word_1_75' title='bbox 1263 2303 1374 2370; x_wconf 86' lang='lat' dir='ltr'>fertur</span> <span class='ocrx_word' id='word_1_76' title='bbox 1390 2305 1432 2371; x_wconf 88' lang='lat' dir='ltr'>ad</span> <span class='ocrx_word' id='word_1_77' title='bbox 1451 2326 1575 2372; x_wconf 88' lang='lat' dir='ltr'>aures:</span> 
     </span>
     <span class='ocr_line' id='line_1_13' title="bbox 651 2469 1389 2562; baseline 0.001 -22"><span class='ocrx_word' id='word_1_78' title='bbox 651 2469 834 2540; x_wconf 92' lang='lat' dir='ltr'>Continuo</span> <span class='ocrx_word' id='word_1_79' title='bbox 855 2488 973 2539; x_wconf 87' lang='lat' dir='ltr'>ternos</span> <span class='ocrx_word' id='word_1_80' title='bbox 990 2471 1118 2562; x_wconf 85' lang='lat' dir='ltr'>excipit</span> <span class='ocrx_word' id='word_1_81' title='bbox 1136 2474 1230 2541; x_wconf 91' lang='lat' dir='ltr'>unda</span> <span class='ocrx_word' id='word_1_82' title='bbox 1252 2495 1389 2562; x_wconf 89' lang='lat' dir='ltr'>procos.</span> 
     </span>
    </p>

    <p class='ocr_par' dir='ltr' id='par_1_9' title="bbox 607 2639 1599 2898">
     <span class='ocr_line' id='line_1_14' title="bbox 607 2639 1599 2730; baseline 0.004 -24"><span class='ocrx_word' id='word_1_83' title='bbox 607 2640 734 2729; x_wconf 88' lang='lat' dir='ltr'>Puppe</span> <span class='ocrx_word' id='word_1_84' title='bbox 752 2639 848 2708; x_wconf 92' lang='lat' dir='ltr'>sedet</span> <span class='ocrx_word' id='word_1_85' title='bbox 865 2657 1024 2730; x_wconf 78' lang='lat' dir='ltr'>quartus,</span> <span class='ocrx_word' id='word_1_86' title='bbox 1043 2640 1287 2730; x_wconf 85' lang='lat' dir='ltr'>comitumque</span> <span class='ocrx_word' id='word_1_87' title='bbox 1305 2641 1433 2730; x_wconf 87' lang='lat' dir='ltr'>pericla</span> <span class='ocrx_word' id='word_1_88' title='bbox 1451 2663 1599 2710; x_wconf 92' lang='lat' dir='ltr'>suorum</span> 
     </span>
     <span class='ocr_line' id='line_1_15' title="bbox 650 2808 1420 2898; baseline -0.001 -21"><span class='ocrx_word' id='word_1_89' title='bbox 650 2809 925 2898; x_wconf 88' lang='lat' dir='ltr'>Contemplatur</span> <span class='ocrx_word' id='word_1_90' title='bbox 943 2808 1049 2892; x_wconf 78' lang='lat' dir='ltr'>iners,</span> <span class='ocrx_word' id='word_1_91' title='bbox 1068 2826 1213 2898; x_wconf 82' lang='lat' dir='ltr'>tutaque</span> <span class='ocrx_word' id='word_1_92' title='bbox 1231 2827 1310 2877; x_wconf 87' lang='lat' dir='ltr'>vota</span> <span class='ocrx_word' id='word_1_93' title='bbox 1328 2809 1420 2876; x_wconf 88' lang='lat' dir='ltr'>lacit.</span> 
     </span>
    </p>

    <p class='ocr_par' dir='ltr' id='par_1_10' title="bbox 605 2976 1386 3232">
     <span class='ocr_line' id='line_1_16' title="bbox 605 2976 1386 3066; baseline 0 -22"><span class='ocrx_word' id='word_1_94' title='bbox 605 2977 792 3044; x_wconf 86' lang='lat' dir='ltr'>Certantes</span> <span class='ocrx_word' id='word_1_95' title='bbox 810 2976 859 3044; x_wconf 94' lang='lat' dir='ltr'>illi</span> <span class='ocrx_word' id='word_1_96' title='bbox 879 2977 1025 3066; x_wconf 82' lang='lat' dir='ltr'>placitae</span> <span class='ocrx_word' id='word_1_97' title='bbox 1042 2978 1216 3045; x_wconf 86' lang='lat' dir='ltr'>adnavere</span> <span class='ocrx_word' id='word_1_98' title='bbox 1235 2978 1386 3066; x_wconf 74' lang='lat' dir='ltr'>puellae,</span> 
     </span>
     <span class='ocr_line' id='line_1_17' title="bbox 653 3143 1269 3232; baseline 0.003 -22"><span class='ocrx_word' id='word_1_99' title='bbox 653 3143 889 3232; x_wconf 85' lang='lat' dir='ltr'>Innixamque</span> <span class='ocrx_word' id='word_1_100' title='bbox 907 3144 973 3211; x_wconf 92' lang='lat' dir='ltr'>sibi</span> <span class='ocrx_word' id='word_1_101' title='bbox 992 3144 1173 3212; x_wconf 89' lang='lat' dir='ltr'>restituere</span> <span class='ocrx_word' id='word_1_102' title='bbox 1193 3145 1269 3212; x_wconf 88' lang='lat' dir='ltr'>rati.</span> 
     </span>
    </p>

    <p class='ocr_par' dir='ltr' id='par_1_11' title="bbox 609 3312 1481 3571">
     <span class='ocr_line' id='line_1_18' title="bbox 609 3312 1481 3402; baseline 0 -23"><span class='ocrx_word' id='word_1_103' title='bbox 609 3312 762 3380; x_wconf 87' lang='lat' dir='ltr'>Mutavit</span> <span class='ocrx_word' id='word_1_104' title='bbox 778 3329 890 3380; x_wconf 91' lang='lat' dir='ltr'>vestes</span> <span class='ocrx_word' id='word_1_105' title='bbox 912 3331 1101 3402; x_wconf 88' lang='lat' dir='ltr'>postquam</span> <span class='ocrx_word' id='word_1_106' title='bbox 1120 3335 1210 3380; x_wconf 88' lang='lat' dir='ltr'>nova</span> <span class='ocrx_word' id='word_1_107' title='bbox 1233 3313 1360 3382; x_wconf 91' lang='lat' dir='ltr'>Nereis</span> <span class='ocrx_word' id='word_1_108' title='bbox 1380 3314 1481 3397; x_wconf 72' lang='lat' dir='ltr'>udas,</span> 
     </span>
     <span class='ocr_line' id='line_1_19' title="bbox 652 3481 1442 3571; baseline 0.001 -22"><span class='ocrx_word' id='word_1_109' title='bbox 652 3483 771 3549; x_wconf 89' lang='lat' dir='ltr'>Tersit</span> <span class='ocrx_word' id='word_1_110' title='bbox 787 3498 820 3549; x_wconf 92' lang='lat' dir='ltr'>et</span> <span class='ocrx_word' id='word_1_111' title='bbox 841 3483 1029 3548; x_wconf 86' lang='lat' dir='ltr'>humentes</span> <span class='ocrx_word' id='word_1_112' title='bbox 1046 3481 1293 3571; x_wconf 88' lang='lat' dir='ltr'>disposuitque</span> <span class='ocrx_word' id='word_1_113' title='bbox 1309 3505 1442 3564; x_wconf 69' lang='lat' dir='ltr'>comas</span> 
     </span>
    </p>

    <p class='ocr_par' dir='ltr' id='par_1_12' title="bbox 611 3649 1568 3910">
     <span class='ocr_line' id='line_1_20' title="bbox 611 3649 1568 3741; baseline 0.004 -25"><span class='ocrx_word' id='word_1_114' title='bbox 611 3649 781 3717; x_wconf 89' lang='lat' dir='ltr'>Protinus</span> <span class='ocrx_word' id='word_1_115' title='bbox 800 3649 1004 3740; x_wconf 87' lang='lat' dir='ltr'>aggreditur</span> <span class='ocrx_word' id='word_1_116' title='bbox 1020 3672 1144 3739; x_wconf 87' lang='lat' dir='ltr'>prorae</span> <span class='ocrx_word' id='word_1_117' title='bbox 1161 3651 1327 3740; x_wconf 85' lang='lat' dir='ltr'>resupina</span> <span class='ocrx_word' id='word_1_118' title='bbox 1345 3651 1568 3741; x_wconf 79' lang='lat' dir='ltr'>magistrum,</span> 
     </span>
     <span class='ocr_line' id='line_1_21' title="bbox 656 3819 1542 3910; baseline 0.007 -26"><span class='ocrx_word' id='word_1_119' title='bbox 656 3819 754 3885; x_wconf 90' lang='lat' dir='ltr'>Haec</span> <span class='ocrx_word' id='word_1_120' title='bbox 771 3819 814 3886; x_wconf 90' lang='lat' dir='ltr'>ad</span> <span class='ocrx_word' id='word_1_121' title='bbox 833 3840 941 3907; x_wconf 91' lang='lat' dir='ltr'>quem</span> <span class='ocrx_word' id='word_1_122' title='bbox 962 3819 1063 3886; x_wconf 88' lang='lat' dir='ltr'>iactat</span> <span class='ocrx_word' id='word_1_123' title='bbox 1084 3819 1188 3886; x_wconf 90' lang='lat' dir='ltr'>verba</span> <span class='ocrx_word' id='word_1_124' title='bbox 1209 3819 1368 3887; x_wconf 86' lang='lat' dir='ltr'>modesta</span> <span class='ocrx_word' id='word_1_125' title='bbox 1389 3842 1542 3910; x_wconf 90' lang='lat' dir='ltr'>parum:</span> 
     </span>
    </p>

    <p class='ocr_par' dir='ltr' id='par_1_13' title="bbox 606 3985 1542 4245">
     <span class='ocr_line' id='line_1_22' title="bbox 606 3985 1542 4071; baseline 0.01 -23"><span class='ocrx_word' id='word_1_126' title='bbox 606 4011 626 4048; x_wconf 83' lang='lat'>&lt;‹</span> <span class='ocrx_word' id='word_1_127' title='bbox 644 3985 793 4054; x_wconf 90' lang='lat' dir='ltr'>Viribus</span> <span class='ocrx_word' id='word_1_128' title='bbox 816 3985 1001 4054; x_wconf 91' lang='lat' dir='ltr'>indomitis</span> <span class='ocrx_word' id='word_1_129' title='bbox 1019 3986 1174 4055; x_wconf 89' lang='lat' dir='ltr'>nimium</span> <span class='ocrx_word' id='word_1_130' title='bbox 1192 4009 1228 4055; x_wconf 92' lang='lat' dir='ltr'>es</span> <span class='ocrx_word' id='word_1_131' title='bbox 1244 3987 1380 4056; x_wconf 88' lang='lat' dir='ltr'>diffisus</span> <span class='ocrx_word' id='word_1_132' title='bbox 1397 3990 1542 4071; x_wconf 76' lang='lat' dir='ltr'>amoris,</span> 
     </span>
     <span class='ocr_line' id='line_1_23' title="bbox 651 4154 1409 4245; baseline 0.005 -24"><span class='ocrx_word' id='word_1_133' title='bbox 651 4154 704 4222; x_wconf 90' lang='lat' dir='ltr'>Te</span> <span class='ocrx_word' id='word_1_134' title='bbox 726 4154 811 4222; x_wconf 93' lang='lat' dir='ltr'>rude</span> <span class='ocrx_word' id='word_1_135' title='bbox 828 4154 1000 4222; x_wconf 93' lang='lat' dir='ltr'>donatum</span> <span class='ocrx_word' id='word_1_136' title='bbox 1018 4178 1108 4245; x_wconf 87' lang='lat' dir='ltr'>quae</span> <span class='ocrx_word' id='word_1_137' title='bbox 1126 4155 1256 4224; x_wconf 93' lang='lat' dir='ltr'>latuere</span> <span class='ocrx_word' id='word_1_138' title='bbox 1275 4179 1409 4225; x_wconf 91' lang='lat' dir='ltr'>senem.</span> 
     </span>
    </p>

    <p class='ocr_par' dir='ltr' id='par_1_14' title="bbox 610 4323 1549 4417">
     <span class='ocr_line' id='line_1_24' title="bbox 610 4323 1549 4417; baseline 0.005 -28"><span class='ocrx_word' id='word_1_139' title='bbox 610 4323 734 4412; x_wconf 89' lang='lat' dir='ltr'>Regna</span> <span class='ocrx_word' id='word_1_140' title='bbox 750 4339 858 4406; x_wconf 86' lang='lat' dir='ltr'>tenet,</span> <span class='ocrx_word' id='word_1_141' title='bbox 878 4323 1041 4412; x_wconf 90' lang='lat' dir='ltr'>quamvis</span> <span class='ocrx_word' id='word_1_142' title='bbox 1063 4323 1191 4408; x_wconf 82' lang='lat' dir='ltr'>inians,</span> <span class='ocrx_word' id='word_1_143' title='bbox 1213 4325 1368 4394; x_wconf 88' lang='lat' dir='ltr'>violenta</span> <span class='ocrx_word' id='word_1_144' title='bbox 1386 4328 1549 4417; x_wconf 91' lang='lat' dir='ltr'>Cupido:</span> 
     </span>
    </p>
   </div>
   <div class='ocr_carea' id='block_1_6' title="bbox 653 4490 1401 4574">
    <p class='ocr_par' dir='ltr' id='par_1_15' title="bbox 653 4490 1401 4574">
     <span class='ocr_line' id='line_1_25' title="bbox 653 4490 1401 4574; baseline 0.003 -16"><span class='ocrx_word' id='word_1_145' title='bbox 653 4491 694 4558; x_wconf 94' lang='lat' dir='ltr'>ln</span> <span class='ocrx_word' id='word_1_146' title='bbox 714 4490 799 4558; x_wconf 87' lang='lat' dir='ltr'>freta</span> <span class='ocrx_word' id='word_1_147' title='bbox 819 4490 968 4559; x_wconf 85' lang='lat' dir='ltr'>detrusit</span> <span class='ocrx_word' id='word_1_148' title='bbox 988 4509 1058 4559; x_wconf 81' lang='lat' dir='ltr'>tres</span> <span class='ocrx_word' id='word_1_149' title='bbox 1076 4492 1181 4560; x_wconf 91' lang='lat' dir='ltr'>simul</span> <span class='ocrx_word' id='word_1_150' title='bbox 1202 4493 1272 4574; x_wconf 74' lang='lat' dir='ltr'>ille,</span> <span class='ocrx_word' id='word_1_151' title='bbox 1296 4494 1401 4562; x_wconf 93' lang='lat' dir='ltr'>viros.</span> 
     </span>
    </p>
   </div>
   <div class='ocr_carea' id='block_1_7' title="bbox 0 0 2014 5654">
    <p class='ocr_par' dir='ltr' id='par_1_16' title="bbox 0 0 2014 5654">
     <span class='ocr_line' id='line_1_26' title="bbox 0 0 2014 5654; baseline 0 0"><span class='ocrx_word' id='word_1_152' title='bbox 0 0 2014 5654; x_wconf 95' lang='lat' dir='ltr'> </span> 
     </span>
    </p>
   </div>
  </div>
 </body>
</html>
