3936 5578
479 1220 776 1333 GAUDIA
817 1220 1247 1331 DOMESTICA

368 2109 494 2179 Prodit
510 2112 544 2178 io
559 2111 649 2178 votis
666 2133 807 2200 pareus,
826 2128 858 2177 et
876 2110 990 2178 sidera
1008 2111 1106 2177 coelo

415 2282 598 2369 Hesperus
617 2279 764 2362 inducit,
784 2281 882 2348 stella
901 2279 1052 2370 benigna
1071 2281 1170 2348 mihi.

368 2451 400 2518 N
408 2472 476 2517 unc
497 2449 575 2516 licet
595 2448 738 2516 assiduo
760 2448 892 2516 lassum
914 2471 1049 2516 cessare
1068 2448 1200 2531 labore,

413 2620 456 2686 Et
473 2641 542 2707 qua
561 2617 625 2685 sert
646 2617 803 2699 animus,
824 2617 894 2685 iam
916 2617 995 2685 licet
1012 2618 1062 2685 ire
1082 2618 1187 2685 viam.

366 2787 571 2856 Accelerare
591 2806 736 2854 monent
757 2787 920 2854 hiemalia
940 2787 1068 2876 frigora
1086 2809 1245 2868 cursum,

414 2955 484 3026 Sed
502 2955 616 3046 magis
633 2956 789 3023 absentis
808 2978 863 3024 me
885 2955 967 3024 laris
984 2974 1089 3042 urget
1105 2978 1217 3023 amor.

371 3127 464 3193 Luce
487 3147 577 3193 nova
595 3147 755 3214 egressus
776 3126 917 3193 tandem
939 3147 1014 3191 mea
1037 3142 1122 3192 tecta
1144 3124 1271 3207 reviso,

416 3295 543 3375 Parva,
562 3296 622 3362 sed
641 3317 661 3361 ο
679 3294 820 3382 quantis
838 3311 925 3361 tecta
946 3293 1071 3362 referta
1091 3293 1208 3361 bouis.

370 3463 439 3532 Hic
461 3464 547 3546 Pax,
571 3463 626 3530 hic
645 3463 740 3531 mitis
761 3463 878 3552 posuit
896 3464 1095 3533 Concordia
1116 3465 1249 3545 sedem,

413 3637 530 3721 Atque
548 3632 695 3700 immota
719 3631 825 3699 Fides
844 3631 1091 3721 ingenuusque
1110 3632 1244 3699 Pudor.

370 3803 419 3872 Ut
440 3802 557 3891 primo
576 3801 647 3869 uoti
669 3819 835 3868 resonant
853 3801 887 3867 in
912 3799 1035 3867 limine
1055 3822 1208 3889 gressus,

416 3971 469 4038 Eu
488 3989 606 4060 crepat
626 3992 770 4037 excussa
789 3969 894 4037 ianua
913 3987 1006 4036 mota
1024 3991 1127 4048 sera3

367 4138 564 4228 Turbaque
580 4156 742 4207 natorum
766 4141 930 4207 reducem
953 4138 1160 4206 circumsilit
1177 4139 1307 4221 omnis,

414 4307 519 4395 Quae
538 4331 599 4376 sua
618 4326 764 4377 testatur
779 4309 907 4398 gaudia
926 4308 1022 4376 mille
1040 4308 1168 4376 modis.

369 4477 521 4545 Pulchra
543 4477 648 4545 simul
668 4478 709 4544 lis
726 4479 893 4560 exoritur,
912 4482 998 4548 dum
1018 4479 1169 4568 quisque
1187 4479 1349 4560 salutem,

413 4645 580 4737 Quisque
599 4649 688 4737 patri
707 4649 794 4716 dum
814 4649 887 4717 vult
907 4649 1026 4717 oscula
1043 4649 1133 4717 ferre
1151 4650 1249 4739 prior
1266 4673 1274 4736 ;
