3972 5654
564 1183 908 1314 PASTOR
958 1185 1256 1316 BONUS

391 2105 507 2191 Agna,
530 2123 629 2169 meae
648 2103 755 2170 modo
777 2102 938 2186 deliciae,
956 2125 1035 2169 mea
1053 2123 1194 2170 summa
1214 2104 1392 2193 voluptas,

437 2269 524 2358 Quo
540 2270 664 2338 videor
685 2288 785 2359 rapto
804 2289 900 2360 parte
921 2293 1038 2338 carere
1059 2271 1144 2352 mei,

392 2437 497 2526 Quae
515 2438 609 2528 iuga,
629 2438 689 2528 qui
709 2439 831 2522 saltus7
850 2463 940 2528 quae
962 2455 994 2507 te
1013 2439 1135 2529 procul
1154 2440 1232 2506 avia
1247 2442 1389 2508 tandem

438 2609 564 2674 Lustra
585 2625 719 2688 tenent,
744 2607 831 2675 votis
852 2607 972 2675 invida
990 2608 1099 2675 lustra
1117 2608 1232 2676 meis?

392 2775 475 2846 Sive
494 2799 556 2864 per
573 2775 739 2864 antiquae
759 2777 897 2864 spelaea
917 2776 1054 2866 vagaris
1073 2777 1263 2866 Ephratae‚

436 2944 600 3011 lordanis
622 2944 814 3035 profugum
834 2967 894 3012 seu
913 2945 1005 3034 capit
1023 2967 1083 3013 ora
1102 2944 1209 3025 ferax,

392 3111 475 3183 Sive
492 3113 579 3180 colis
597 3112 755 3183 Solimae
775 3135 921 3202 campos
940 3113 1139 3202 vallemque
1159 3113 1390 3202 profundam,

437 3283 578 3352 Cedron
598 3281 658 3348 ubi
681 3281 798 3348 subito
818 3281 970 3349 volvitur
989 3281 1103 3349 imbre
1123 3299 1266 3349 tumens
1284 3307 1293 3365 ς

393 3449 551 3518 Pastoris
569 3449 723 3540 gemitus
741 3467 845 3538 atque
867 3473 971 3540 aegro
990 3469 1129 3538 pectore
1148 3449 1242 3516 fusas

413 3617 581 3688 Officiosa
598 3620 641 3686 ad
664 3637 695 3684 te
713 3617 845 3685 deferat
865 3641 949 3685 aura
969 3641 1102 3708 preces.

391 3793 423 3856 Α
441 3787 554 3876 patrio
572 3809 661 3876 quae
680 3805 712 3854 te
730 3786 909 3854 discedere
929 3787 1038 3854 suasit
1058 3787 1142 3854 ovili

437 3957 592 4026 Credula
611 3955 821 4044 simplicitas
840 3957 851 4021 i
870 3978 941 4044 quo
957 3953 1038 4044 luga
1058 3957 1068 4022 ἲ
1088 3977 1238 4044 quemve
1257 3955 1378 4046 lugisi

394 4126 475 4194 Non
495 4146 560 4216 ego
579 4125 764 4191 lactentem
786 4147 877 4213 puro
894 4143 926 4191 te
945 4124 1093 4191 llumine
1112 4124 1193 4204 lavi,

437 4293 559 4361 Vicisti
582 4293 711 4360 nitidas
730 4295 824 4360 unde
842 4291 958 4360 colore
978 4292 1075 4360 nives
1094 4295 1104 4358 ?

394 4463 513 4533 Ubere
532 4462 722 4550 depulsum
743 4484 813 4528 non
833 4462 921 4528 laeta
944 4461 977 4527 in
998 4483 1126 4548 pascua
1145 4461 1252 4528 misi?

435 4632 500 4698 Vel
522 4630 677 4698 nemoris
695 4630 815 4698 medio
837 4628 947 4696 defuit
965 4628 1091 4696 umbra
1112 4629 1194 4696 diei
