1063 1471
386 156 438 167 iul-ms
451 155 563 166 ΜΛειιΑΒΑῑυς
738 151 766 171 175

203 199 297 221 Dignatur,
307 199 401 221 solumque
409 199 473 216 ducem
485 199 502 216 in
511 198 609 216 certamina
618 198 674 221 poscit

202 241 279 264 Saepius
290 241 404 264 increpitans,
413 241 500 264 turbaque
510 241 585 264 requirit
595 241 612 258 in
622 241 677 258 omni,

201 283 279 301 Sarrana
290 283 369 306 chlamys
378 283 425 300 hunc
434 284 506 300 tandem
517 283 606 306 ferrugine
615 283 668 300 tincta

203 326 265 343 Prodit
274 330 290 343 et
299 330 359 343 aurata
368 330 450 343 nutantes
459 325 526 342 casside
535 325 604 346 cristae,

202 368 249 385 Dum
258 368 358 391 spumantis
367 368 407 390 equi
417 368 529 385 contundens
537 373 568 384 ora
578 368 643 390 lupatis

203 411 325 433 Hortaturque
333 416 375 428 suos
384 410 474 433 reficitque
483 410 499 427 in
510 410 577 433 proelia
585 415 659 428 turmas*

201 453 277 470 Advolat
287 453 380 470 Hebraeus
390 458 421 469 nec
429 452 474 469 celat
482 452 546 475 gaudia
555 453 623 472 ductor,

202 495 242 517 lpse
251 495 305 517 pedes
314 500 373 517 pugna
383 500 418 511 non
427 495 543 512 deterrendus
553 494 621 517 iniqua.

200 537 235 555 Cui
245 537 301 560 Syrus
311 537 381 554 insueto
388 537 468 554 turbatus
478 537 531 554 corda
540 537 618 554 tumultu

200 579 279 597 Coniicit
288 579 371 596 haesuras
379 579 449 596 obiecto
458 579 537 596 umbone
546 579 621 601 saginas.

200 622 268 638 Verum
277 621 307 638 ubi
318 621 365 638 nulla
375 621 414 638 data
425 626 451 638 est
460 627 554 638 occursum
563 621 610 638 exire
620 626 703 644 petestas.

201 665 311 686 Armatoque
321 663 380 686 fugam
390 663 473 686 prohibet
481 664 546 686 pudor,
557 669 599 680 ense
609 664 677 680 recluso

201 705 357 728 Congrediturque
365 705 420 725 ferox,
429 710 481 728 atque
491 706 536 723 hosti
546 705 622 722 destinat
631 706 685 722 ictum

202 750 298 771 Insurgens
308 754 311 765 :
321 748 372 765 celeri
382 748 396 765 is
405 753 466 765 cautus
475 749 518 765 dum
529 754 602 771 corpore
611 748 669 768 cessit,

202 791 272 808 Effusae
281 790 299 807 in
309 795 382 807 ventum
393 790 445 807 vires.
456 791 575 807 Machabaeus
585 790 608 807 ibi
618 790 681 807 ardens

200 833 238 850 Ora
248 832 278 850 feri
289 833 348 850 dexter
356 833 417 855 clypeo
428 833 527 855 detorquet,
536 837 552 849 et
561 838 620 849 ensem

202 875 264 897 Usque
273 880 356 897 premens
365 879 421 892 totum
431 875 480 892 laevo
489 875 549 897 defigit
558 875 575 892 in
585 880 641 892 armo.

201 916 295 939 Sanguine
304 922 356 939 quern
367 921 460 939 postquam
470 917 575 939 tepefactum
585 917 663 934 undante
671 918 742 940 recepit.

202 959 282 982 Erigitur
291 959 399 981 quadrupes,
410 964 426 976 et
435 959 515 977 verberat
525 965 565 976 aera
573 959 626 980 calce,

202 1001 258 1023 Inque
270 1001 316 1018 latus
325 1001 371 1019 cadit
380 1001 473 1022 exanimis,
483 1002 583 1024 pariterque
593 1002 650 1019 ruenti

202 1044 291 1061 Incumbit
299 1044 380 1065 domino,
390 1044 438 1061 lateri
448 1044 546 1061 subducere
555 1050 606 1061 crura

201 1086 239 1108 Qui
250 1087 294 1103 dum
304 1086 379 1104 luctatur
390 1087 493 1109 laesumque
502 1086 580 1104 attollere
589 1092 659 1109 corpus,

200 1128 282 1151 Adspicit
292 1129 386 1146 instantem
396 1129 459 1146 ludam
469 1129 569 1151 vulnusque
578 1133 668 1151 parantem
677 1135 681 1148 ;

201 1170 261 1193 thue
271 1171 318 1188 videt
328 1176 396 1188 cessare
405 1176 453 1192 suos,
464 1173 481 1188 al
490 1176 545 1188 marte
554 1172 633 1189 secundo
