3928 5580
590 571 815 618 ROMANORUM
842 571 968 614 FERIAE
992 569 1169 616 OCTOBRES

400 748 499 815 Neve
519 767 667 813 manum
688 746 820 834 pudeat
838 744 962 833 plenae
980 743 1179 812 admovisse
1198 745 1353 833 lagenae.

443 914 638 1002 Perspicuo
654 912 789 1003 placide
807 913 967 980 subridet
983 935 1119 980 carcere
1136 913 1289 995 clausus,

398 1082 571 1152 Obtortae
590 1083 740 1174 stipulae
758 1104 820 1149 nec
841 1100 939 1148 curat
958 1081 1097 1149 vincula
1118 1081 1276 1149 Bacchus
1293 1105 1301 1168 ;

400 1253 535 1320 Verum
550 1252 653 1319 alacri
669 1275 704 1318 se
713 1250 947 1341 compedibus
960 1272 1041 1317 cum
1057 1273 1238 1319 murmure
1250 1271 1417 1340 promens

401 1423 535 1510 Epotos
552 1421 675 1510 implet
692 1421 829 1502 calices,
848 1420 1072 1510 gemmisque
1090 1438 1244 1487 coronat.

396 1589 471 1658 Ore
490 1589 608 1657 lavent
628 1612 711 1680 ergo
729 1587 844 1656 cuncti
864 1614 871 1655 :
892 1588 969 1669 tibi,
992 1588 1136 1677 Magne,
1157 1587 1359 1678 propinant,

396 1757 470 1846 Qui
494 1759 661 1826 Vaticana
684 1757 826 1847 populis
846 1757 1011 1824 sublimis
1031 1757 1184 1839 abarce,

395 1924 471 1995 Ora
489 1943 654 1993 movente
677 1927 764 2007 De0,
783 1925 904 1991 divina
921 1924 1061 1992 oracula
1079 1925 1218 2013 pandis.

397 2093 514 2173 Salve,
535 2094 662 2163 iterum
681 2094 789 2178 salve,
808 2117 829 2160 o
847 2111 955 2175 vates,
977 2093 1033 2160 cui
1052 2112 1149 2161 terna
1171 2112 1323 2184 potestas

398 2262 583 2331 Pontificis
601 2263 762 2354 regisque
781 2263 887 2330 simul
907 2264 1086 2353 patrisque
1107 2285 1230 2330 serena

398 2433 530 2500 Fronte
547 2431 665 2500 micat.
686 2434 768 2500 Non
789 2455 959 2499 concusso
979 2432 1040 2499 tibi
1060 2432 1186 2500 vertice
1207 2433 1325 2500 sedern

395 2599 638 2690 Omnipotens
655 2601 787 2682 statuit,
807 2600 920 2668 solido
938 2623 1028 2690 quae
1046 2602 1232 2669 adamante
1250 2601 1416 2690 perennis

394 2769 472 2840 Stet
488 2772 602 2838 donec
619 2770 737 2850 stabit,
757 2770 881 2837 saeclis
902 2769 1138 2853 volventibus
1157 2770 1264 2838 orbis.

394 2937 556 3006 Claustra
571 2937 739 3028 refringat
754 2955 865 3020 atrox,
881 2937 1117 3026 barathroque
1135 2937 1267 3005 excitus
1283 2939 1328 3005 ab
1343 2938 1415 3007 imo

401 3105 571 3194 Undique
588 3124 619 3173 te
639 3105 787 3173 infensis
802 3106 1006 3174 circumstet
1022 3107 1193 3174 Tartarus
1210 3107 1341 3189 armis3

393 3273 507 3360 Signa
526 3274 736 3363 subalpinos
755 3274 887 3342 vellens
902 3274 996 3341 socia
1014 3274 1159 3360 agmina
1179 3274 1300 3365 iungat

395 3442 545 3526 Praedo,
565 3443 622 3532 pia
643 3461 676 3511 et
694 3443 831 3510 minuat
850 3466 1014 3531 perverso
1036 3443 1184 3510 numine
1204 3466 1323 3534 regna,

396 3611 585 3702 Sacrilegis
603 3612 713 3679 laetus
734 3611 858 3702 spoliis
875 3632 908 3680 et
924 3614 1029 3680 caede
1051 3613 1226 3680 nefanda:

393 3785 559 3848 Attamen
583 3781 696 3848 ultrici
717 3798 812 3848 notat
831 3782 924 3848 hunc
941 3780 1087 3848 infamia
1107 3782 1195 3850 labe.

393 3949 449 4016 Tu
468 3950 566 4017 clade
585 3949 780 4017 indomitus
799 3951 965 4039 luctuque
983 3951 1166 4040 augustior
1183 3951 1273 4040 ipso,

394 4119 450 4185 Ad
468 4119 597 4186 solium
616 4119 732 4186 cernis
749 4136 940 4208 prostratas
954 4119 1078 4187 ordine
1099 4139 1237 4207 gentes,

396 4286 556 4354 Pendere
575 4309 665 4376 quae
683 4287 772 4376 patri
792 4287 919 4376 pietate
938 4287 1081 4356 iubente
1099 4289 1271 4357 tributum

393 4453 572 4539 Gaudent,
594 4477 788 4544 eversoque
807 4474 930 4545 rogant
949 4474 986 4524 ut
1003 4458 1162 4524 consulat
1179 4479 1276 4525 aevo.

393 4624 481 4691 Vive
499 4624 558 4692 diu
579 4624 672 4707 felix,
693 4625 948 4714 communique
966 4648 1084 4693 annue
1104 4644 1196 4692 voto.
