3972 5654
722 542 879 586 sunnon
906 541 1119 587 ronrrrreen
1446 522 1505 588 301

380 714 554 804 Belligero
576 713 658 780 hinc
676 733 779 802 atque
799 715 881 783 hinc
902 716 1099 803 procedunt
1116 713 1239 781 ordine
1259 737 1410 804 puppes,

424 885 451 950 F
455 884 651 973 ulguraque
669 906 687 950 e
705 883 866 951 transtris
885 884 955 951 iant
974 906 1083 973 prope
1101 883 1209 950 missa
1226 903 1382 973 crepant.

377 1052 568 1119 Pacificum
587 1051 670 1119 libet
691 1052 773 1120 inde
795 1071 930 1142 patrem
951 1054 1140 1141 deposcere
1159 1071 1282 1132 sortesq

421 1221 579 1289 Arbitrio
597 1221 695 1288 sistat
711 1221 772 1310 qui
792 1221 863 1288 fera
882 1222 971 1289 bella
990 1245 1067 1289 suo,

377 1390 586 1479 Eloquitur:
609 1390 736 1457 dubias
753 1390 929 1458 dirimunt
946 1390 1088 1458 oracula
1108 1391 1198 1468 lites,

420 1558 538 1648 Seque
556 1558 659 1626 refert
676 1561 752 1626 olea
776 1561 848 1627 Pax
866 1560 1029 1627 redimita
1046 1582 1179 1638 comas,

376 1727 487 1815 Quod
507 1728 654 1794 memori
675 1727 803 1795 factum
828 1751 870 1795 ne
887 1728 1032 1796 forsitan
1053 1728 1187 1796 excidat
1203 1751 1303 1808 aevo,

419 1901 596 1986 Impresso
616 1897 728 1988 signis
746 1919 825 1964 aere
844 1897 1020 1964 nomisma
1040 1915 1148 1965 cavet.

376 2405 481 2471 Nunc
502 2421 601 2470 vocat
622 2403 824 2492 intrepidis
845 2403 941 2470 hunc
961 2403 1145 2470 Lusitania
1163 2403 1282 2480 rebus,

420 2573 538 2639 Poscit
554 2572 598 2639 ab
617 2573 682 2639 hoc
701 2573 831 2662 pariter
850 2572 1013 2662 Belgicus
1032 2571 1129 2639 orbis
1146 2594 1263 2661 opem.

375 2743 450 2811 Nec
468 2764 580 2824 mora,
599 2740 790 2831 compescit
808 2740 887 2808 belli
907 2741 1115 2808 discrimina
1135 2758 1239 2823 nutu,

417 2911 626 3000 Vaginaque
646 2910 738 2978 acies
756 2933 869 2999 paene
887 2910 1020 2977 reclusa
1042 2911 1135 2977 latet.

372 3080 565 3168 Temperat
583 3079 639 3146 ille
658 3079 761 3146 etiam
781 3079 889 3164 leges,
910 3078 1127 3146 iustissimus
1147 3095 1283 3155 auctor,

419 3248 473 3314 Ne
495 3246 646 3315 fabricae
666 3248 835 3314 dominus
852 3247 948 3315 lucra
968 3248 1088 3313 dolosa
1112 3265 1222 3336 paret,

374 3417 473 3483 Neve
494 3417 623 3505 opifex,
642 3416 726 3485 olim
747 3435 844 3505 pacta
863 3419 1024 3484 mercede
1042 3416 1221 3496 laborum,

420 3585 546 3654 Libera
564 3586 762 3675 composito
779 3586 919 3653 foedera
939 3603 1081 3675 rumpat
1099 3585 1217 3672 iners;

373 3754 582 3844 Seditioque
603 3755 696 3822 cavis
716 3757 828 3822 oritur
844 3777 956 3844 quum
976 3776 1078 3844 saepe
1097 3753 1242 3834 fodinis,

418 3923 684 4013 Impatiensque
702 3945 851 4013 operum
871 3924 969 4012 plebs
987 3923 1061 3990 sine
1081 3944 1178 3990 more
1197 3921 1292 4002 furit,

373 4090 459 4179 Quo
478 4093 617 4182 vigeant
635 4093 823 4160 bominum
841 4091 956 4160 stabili
974 4091 1185 4158 commercia
1209 4111 1311 4179 pacto

418 4262 558 4344 lndicit,
579 4284 695 4328 rerum
715 4263 809 4351 quod
828 4261 923 4329 dedit
945 4261 1018 4350 ipse
1037 4278 1141 4327 sator.

372 4431 428 4497 Ab
447 4431 577 4514 stolidi,
598 4431 751 4522 ingeniis
770 4431 924 4498 nimium
944 4453 986 4498 ne
1004 4430 1133 4498 credite
1156 4429 1277 4507 vafris,

417 4601 578 4667 Vendere
599 4623 689 4689 quae
708 4600 806 4668 vobis
828 4601 951 4668 mellea
970 4601 1075 4668 rerba
1093 4601 1220 4682 solent,
