4004 5612
440 414 503 499 298
877 439 923 482 no
945 438 1086 482 saonen
1107 439 1169 484 ttttt

484 608 588 698 Quae
606 610 748 699 pateris,
767 611 898 678 summi
922 611 1057 701 peperit
1077 611 1139 679 tibi
1160 611 1310 680 vindicis
1328 613 1379 681 ira

527 779 844 867 Christiadumque
864 779 965 846 ducis
983 780 1121 868 prodita
1139 781 1238 870 signa
1260 782 1372 870 prius.

484 951 591 1020 Nunc
608 949 731 1017 saltem
752 948 877 1016 vitium
899 949 1060 1031 emenda,
1079 972 1151 1038 quo
1168 950 1324 1039 denique
1342 951 1459 1040 possis

528 1121 598 1186 Per
617 1120 770 1186 Francos
791 1117 918 1186 iterum
937 1135 1032 1208 gesta
1054 1117 1182 1186 referte
1203 1119 1280 1188 Dei.

483 1291 669 1357 Praeterea
688 1305 780 1354 nete
798 1308 918 1356 retum
938 1287 1181 1356 moderamina
1199 1288 1312 1356 forma

527 1457 753 1528 Conturbent
772 1455 865 1526 varia
885 1456 1006 1524 lttibus
1026 1475 1105 1546 apta
1128 1456 1248 1524 nimis.

484 1627 615 1696 Desine
633 1627 676 1694 de
695 1624 778 1692 fluxi
797 1627 1009 1694 contendere
1030 1625 1176 1693 nomine
1192 1626 1297 1716 regis,

527 1796 603 1885 Qui
622 1794 766 1863 dirimat
783 1793 881 1862 litent
898 1795 985 1861 dum
1003 1792 1066 1862 tibi
1085 1794 1251 1864 Christus
1268 1797 1374 1864 adest.

484 1971 539 2033 An
563 1965 650 2056 regi,
668 1986 710 2030 an
729 1963 897 2032 dominae
917 1963 1009 2052 plebi
1031 1963 1221 2032 commissa
1242 1982 1411 2054 potestas,

528 2133 766 2223 Praecipuum
785 2131 933 2199 minime
952 2154 1006 2200 res
1027 2154 1067 2200 ea
1088 2134 1229 2222 pondus
1245 2133 1362 2202 habet.

484 2304 659 2372 Iustitiam
681 2300 858 2390 imprimis
874 2299 995 2368 animo
1010 2302 1243 2390 complectere
1263 2301 1342 2370 lorti
1360 2329 1367 2369 :

527 2474 652 2542 Cetera
669 2471 875 2560 contingent
895 2470 1041 2538 numine
1058 2471 1163 2538 dante
1181 2471 1258 2538 tibi.

483 2987 529 3051 At
549 2980 657 3072 patris
679 2981 761 3047 hinc
780 2978 935 3069 placidos
955 2978 1127 3046 convertit
1147 2979 1320 3046 Hibernia
1339 2981 1474 3062 vultus,

527 3151 664 3240 Quam,
689 3149 768 3217 fidei
789 3148 955 3238 pretium,
974 3148 1113 3216 conficit
1130 3167 1203 3215 atra
1224 3148 1347 3216 sames.

485 3323 623 3409 Nempe
645 3319 791 3386 immota
810 3317 918 3385 minis
935 3341 1019 3386 ausa
1037 3335 1089 3384 est
1107 3317 1246 3385 obstare
1263 3335 1416 3408 tyranno

528 3487 708 3556 illecebris
724 3506 839 3577 capto,
860 3508 947 3553 vona
965 3486 1096 3575 puella,
1116 3485 1197 3553 tuis.

484 3661 567 3727 Non
587 3657 666 3724 ideo
685 3656 814 3724 solidas
835 3655 945 3722 valuit
963 3674 1161 3744 pervertere
1179 3675 1329 3735 mentes,

528 3826 647 3915 Quem
667 3849 774 3917 penes
792 3824 973 3913 eloquium
991 3825 1107 3893 stricta
1128 3825 1260 3892 securis
1276 3845 1361 3894 erat.

483 3995 635 4064 Tristior
656 3995 738 4063 inde
756 3993 850 4062 subit
868 3993 966 4084 virgo
985 3993 1130 4061 mentita
1148 3994 1297 4084 parenti,

528 4168 766 4255 Ipsorumque
785 4164 888 4231 bonis
906 4163 1009 4232 ellera
1028 4164 1124 4252 pellit
1141 4165 1254 4232 heros.

484 4334 635 4405 Conficit
653 4335 736 4402 hinc
753 4356 848 4402 seros
866 4332 997 4400 iniuria
1016 4333 1128 4422 prisca
1148 4352 1306 4422 nepotes,

528 4503 603 4592 Qui
626 4526 688 4571 sua
705 4501 866 4570 conducti
887 4524 956 4569 non
977 4501 1043 4569 sibi
1063 4524 1143 4570 rura
1161 4503 1292 4570 colunt.
