3972 5654
505 445 568 500 νὴ
723 457 822 500 sensi
850 456 993 498 arinen
1020 457 1067 498 ,tn
1092 454 1261 497 nannum
1288 451 1454 496 [pistura

573 629 741 697 Erubuit.
758 669 801 676 -
819 651 910 694 nora
928 651 1033 693 causa
1051 627 1118 692 luit
1135 627 1245 692 rubor
1262 627 1325 691 iste
1342 624 1493 691 decoris.
1511 663 1554 670 -

618 799 662 865 Et
680 797 776 864 tenui
796 797 882 863 dixit
900 819 984 863 voce
1001 796 1118 885 puella
1134 822 1142 860 :
1160 794 1342 884 «Sequar.
1364 822 1385 855 s

578 967 729 1034 Ferrere
746 985 823 1032 turn
841 965 967 1031 studiis
983 965 1061 1030 tecti
1082 965 1260 1052 penetrale
1277 962 1427 1029 rideres.

615 1133 722 1220 Quae
738 1134 886 1200 deceant
903 1155 1070 1221 sponsam
1087 1134 1173 1198 dum
1193 1153 1383 1221 properare
1400 1132 1509 1198 iuvat.

571 1302 765 1371 Constituit
782 1303 900 1368 dotem
921 1321 1030 1390 pater.
1049 1321 1082 1367 et
1099 1324 1190 1390 quae
1207 1303 1299 1367 dona
1319 1300 1485 1376 remittat,

617 1472 699 1538 Non
718 1471 807 1538 adeo
824 1472 941 1538 missis
959 1471 1127 1538 inferiora
1145 1491 1254 1559 parat.

575 1639 727 1728 Insuper
743 1641 912 1707 accedunt
930 1641 1112 1729 primaevo
1130 1639 1215 1706 tlore
1234 1637 1432 1711 ministrae,

617 1806 723 1895 Quae
740 1826 922 1898 gratantur
940 1810 1058 1877 berae.
1077 1809 1206 1874 blanda
1223 1830 1370 1877 corona.
1389 1828 1514 1874 novae.

574 1977 758 2044 Laudibus
776 1979 866 2044 hanc
883 1976 1036 2044 sublime
1054 1978 1172 2045 ferunt
1189 1978 1329 2047 merito,
1348 1997 1382 2044 et
1398 1976 1466 2043 sibi
1483 1975 1683 2064 quidquam

618 2145 773 2217 Servitio
790 2147 848 2213 tali
870 2147 994 2213 laetius
1010 2170 1085 2212 esse
1104 2165 1245 2235 negant.

576 2314 708 2384 Oscula
727 2316 787 2383 sed
804 2337 903 2382 carae
922 2315 1039 2382 nutrix
1057 2316 1142 2383 dum
1163 2315 1247 2382 libat
1265 2317 1443 2392 alumnae,

617 2483 715 2548 Velle
734 2483 823 2550 mori
842 2484 982 2559 clamat,
1002 2483 1037 2549 ni
1055 2485 1158 2550 datur
1176 2483 1225 2550 ire
1243 2484 1362 2549 simul.

572 2652 712 2720 Annuit
729 2653 787 2718 illa
806 2652 919 2718 libens
938 2653 1031 2719 haud
1050 2655 1272 2741 aspernanda
1290 2652 1461 2742 precanti,

620 2823 738 2908 Atque
756 2819 823 2886 sibi
841 2820 1008 2886 comitem
1027 2839 1167 2909 tempus
1186 2821 1219 2886 in
1238 2843 1346 2887 omne
1365 2818 1459 2908 legit.

574 2987 707 3059 Sedula
725 2989 839 3079 pingit
855 3011 918 3056 acu
938 3008 1113 3078 nupturae
1132 2990 1282 3057 stamina
1302 3007 1425 3068 mater,

619 3156 839 3227 Occurrente
854 3157 986 3246 quibus
1004 3176 1162 3247 protegat
1178 3180 1240 3225 ora
1259 3158 1347 3224 viro.

573 3332 668 3398 Inter
684 3353 775 3420 opus
791 3331 918 3398 mulier
935 3331 1040 3398 variis
1057 3331 1239 3398 affectibus
1259 3353 1379 3398 errans

621 3501 728 3566 Nunc
744 3499 847 3588 gestit
866 3517 966 3566 natae
980 3517 1071 3566 sorte
1090 3499 1242 3588 superba
1260 3521 1344 3566 suae
1359 3522 1368 3585 ;

580 3667 819 3754 Discessuque
836 3666 957 3732 eadem
977 3666 1119 3754 penitus
1135 3683 1312 3732 commota
1331 3665 1536 3754 propinquo

630 3835 661 3902 N
669 3856 737 3900 unc
754 3832 842 3924 rigat
861 3832 973 3900 imbre
994 3855 1115 3922 genas,
1134 3851 1167 3900 et
1185 3833 1280 3900 velut
1296 3833 1382 3900 orba
1398 3833 1518 3923 gemit.

580 4001 760 4093 Abstergit
778 4001 938 4069 lacrimas
956 4001 1004 4068 illi
1026 4002 1081 4090 pia
1100 4001 1225 4090 pollice
1244 4001 1355 4091 virgo,

624 4172 667 4239 Et
683 4171 785 4239 dulce
802 4170 947 4252 arridet,
964 4171 1049 4237 dum
1069 4171 1127 4236 llet
1143 4189 1176 4237 et
1194 4170 1269 4259 ipsa
1286 4189 1415 4237 tamen.

581 4339 746 4408 Crastina
767 4339 957 4428 migrantes
976 4361 1040 4405 nos
1059 4338 1140 4406 hinc
1158 4361 1284 4406 aurora
1303 4338 1450 4421 videbit,

629 4505 666 4578 Si
686 4530 755 4596 qua
774 4510 880 4575 modo
899 4509 1066 4576 humanis
1085 4509 1189 4577 rebus
1209 4509 1370 4576 habenda
1391 4510 1488 4576 fides.
