3972 5654
510 533 574 600 238
792 553 946 598 vrtthle
971 551 1189 597 narnatonrs
1213 551 1398 608 Quanrztna

601 727 659 794 Me
680 725 764 794 satis
781 743 832 794 est
850 727 966 792 tardas
985 726 1180 792 moerendo
1200 725 1327 792 ducere
1347 725 1453 806 luces,

645 895 812 984 Quarum
831 895 1056 963 commodior
1074 895 1170 961 nulla
1188 894 1305 982 priore
1324 894 1431 961 venit.

603 1065 681 1131 Nox
700 1065 821 1132 saltem
841 1083 914 1130 acta
934 1063 1015 1152 poio
1030 1063 1125 1130 luctu
1145 1085 1201 1129 me
1218 1063 1379 1129 sublevet
1392 1083 1550 1148 aegram,

646 1232 839 1322 Quamque
858 1233 945 1300 solet
964 1232 1111 1322 reliquis
1128 1250 1160 1299 et
1179 1231 1265 1298 mibi
1286 1249 1437 1320 praestet
1454 1253 1571 1320 opem.

603 1403 666 1470 lira
684 1403 743 1468 sed
763 1401 797 1468 in
819 1419 956 1469 nostros
976 1401 1138 1468 coniurat
1156 1400 1278 1490 iniqua
1297 1401 1448 1474 dolores,

647 1573 743 1638 Dum
764 1589 879 1660 portat
897 1593 1016 1638 secum
1035 1571 1175 1638 somnia
1195 1593 1290 1636 cassa
1312 1571 1392 1637 fide.

607 1740 734 1828 Nuper
751 1739 860 1820 enim,
880 1741 1046 1807 dederam
1069 1762 1147 1807 sero
1167 1761 1279 1827 quum
1299 1739 1459 1806 membra
1479 1739 1611 1828 sopori,

646 1907 854 1975 Turbarunt
870 1929 996 1974 sensus
1014 1908 1095 1974 talia
1114 1907 1187 1974 visa
1206 1931 1314 1975 meos.

604 2076 720 2144 Dotali
741 2075 774 2142 in
794 2075 905 2144 fundo
924 2075 1127 2165 nitidaeque
1145 2095 1224 2144 ante
1240 2077 1328 2143 ostia
1349 2077 1462 2152 villae,
1506 2147 1509 2152 Δ

651 2245 753 2314 Flore
773 2267 865 2312 novo
887 2245 1019 2334 passim
1040 2245 1199 2313 consitus
1217 2247 1339 2312 hortus
1356 2263 1455 2326 erat3

603 2412 872 2502 Gramineoque
891 2413 938 2480 ibi
958 2413 1044 2480 fulta
1063 2431 1152 2494 torn,
1175 2415 1297 2502 procul
1317 2413 1397 2482 inde
1417 2433 1613 2482 morantem

650 2582 819 2650 Accibam
840 2582 942 2662 votis,
961 2583 1064 2650 anxia
1083 2601 1205 2671 nupta,
1227 2583 1367 2660 virum;

607 2753 635 2819 F
638 2751 806 2819 aridicum
825 2753 868 2819 de
887 2774 958 2840 quo
976 2753 1166 2841 poscebam
1185 2753 1325 2820 oracula
1345 2753 1484 2834 florem,

650 2923 707 2988 An
726 2919 793 2986 sibi
812 2942 895 2988 cura
916 2921 984 2988 mei
1006 2943 1131 3012 magna
1150 2921 1312 2990 minorve
1329 2921 1429 2989 foret.

607 3089 749 3156 Restitit
767 3108 803 3158 ut
820 3089 994 3172 medinm,
1012 3090 1105 3160 foliis
1123 3091 1254 3159 circum
1275 3091 1435 3181 undique
1454 3091 1575 3171 vulsiS,

652 3256 787 3327 Omina
807 3281 897 3347 quae
917 3259 1010 3326 volui
1030 3278 1154 3348 sponte
1174 3260 1226 3328 vel
1245 3279 1317 3328 arte
1335 3260 1443 3329 dedit.

605 3432 699 3496 Ante
719 3428 825 3515 pedes
842 3428 914 3495 duo
933 3428 1114 3509 ludebant,
1137 3451 1215 3496 mea
1236 3429 1379 3519 gaudia,
1400 3429 1486 3510 nati,

656 3595 730 3662 Nec
748 3593 836 3662 bene
854 3594 1037 3662 constabat
1056 3594 1238 3684 pulchrior
1257 3613 1347 3664 esset
1364 3614 1452 3665 uter.

609 3765 658 3833 Ut
676 3787 737 3831 sua
755 3764 951 3832 consimilis
969 3765 1140 3853 prodebat
1160 3765 1272 3833 forma
1290 3767 1472 3857 gemellos,

654 3933 713 4003 Sic
730 3933 858 4002 fateare
881 3933 950 4000 illis
971 3934 1081 4002 instar
1099 3935 1212 4003 inesse
1232 3958 1364 4003 meum.

612 4102 671 4168 Me
689 4124 831 4192 quoque
847 4101 1035 4192 captabant
1052 4103 1172 4171 blandi
1193 4121 1412 4193 matremque
1431 4105 1622 4172 vocabant:

653 4270 779 4358 Quam
796 4271 898 4338 dulce
916 4271 982 4338 hoc
1001 4294 1154 4360 puerum
1173 4295 1302 4340 nomen
1323 4272 1357 4339 in
1376 4295 1435 4340 ore
1456 4271 1544 4341 fuit!

614 4441 751 4508 interea
772 4459 933 4530 repetens
950 4442 1124 4509 consortia
1143 4460 1229 4510 tecta
1250 4443 1398 4510 maritus

657 4609 802 4677 Festino
819 4610 935 4697 tetigit
953 4611 1074 4680 limina
1092 4612 1206 4701 prima
1224 4613 1347 4702 gradu.
