3936 5578
801 533 937 578 ESTllER

284 704 403 774 Acciri
421 707 480 774 sed
499 705 595 773 enim
613 707 757 773 mandet
774 723 847 774 toto
864 707 1022 796 undiquc
1041 729 1152 794 regno

288 875 471 942 Florentes
491 875 607 957 annis,
628 874 740 942 forma
760 893 948 964 superante
967 877 1114 964 puellas,

289 1045 403 1132 Inque
421 1043 488 1111 sibi
507 1067 658 1112 numero
676 1043 834 1134 reginam
853 1045 981 1135 deligat
998 1045 1095 1112 omni
1114 1073 1120 1110 :

286 1211 347 1282 Sic
364 1212 437 1280 sore
456 1214 599 1280 flamma
620 1236 712 1281 novo
731 1231 830 1280 vetus
849 1231 885 1282 ut
906 1215 1072 1280 concedat
1090 1214 1216 1291 amori,

284 1384 404 1469 Atque
421 1383 551 1448 domus
568 1399 667 1467 grata
688 1381 856 1449 fundetur
874 1382 967 1472 regia
986 1383 1094 1472 prole.

284 1550 423 1617 Annuit
441 1551 498 1617 ille
516 1550 642 1633 libens,
664 1570 697 1619 et
717 1551 812 1618 idem
830 1552 926 1639 quod
945 1551 1085 1640 publica
1106 1569 1226 1641 poscat

289 1719 433 1789 Utilitas
454 1719 563 1788 laetus
581 1721 743 1803 miratur,
763 1719 929 1809 idemque
948 1720 1058 1788 libido

287 1889 382 1957 Nota
400 1888 466 1956 sibi
488 1888 664 1956 nimium:
685 1906 755 1955 tam
774 1911 930 1978 pronum
948 1887 1067 1956 fallere
1086 1893 1206 1978 reges!

285 2057 393 2144 Quae
411 2080 494 2125 vero
514 2058 634 2126 divina
652 2076 789 2148 praeest
809 2057 981 2148 sapientia
999 2059 1150 2137 mundo‚

290 2228 480 2295 Rectorum
503 2227 586 2294 vitia
605 2227 679 2317 ipsa
701 2227 768 2317 piis
787 2227 821 2294 in
840 2229 1030 2294 commoda
1051 2227 1163 2294 vertit.

289 2395 411 2483 Quam
430 2397 563 2464 multae
578 2413 732 2482 surgunt
750 2396 942 2464 Persarum
961 2395 1092 2463 finibus
1110 2397 1228 2478 urbes,

287 2564 373 2632 Inde
396 2565 491 2633 brevi
511 2565 657 2632 totidem
676 2565 798 2664 regipit
814 2566 944 2632 domus
963 2587 1031 2631 una
1053 2565 1200 2653 puellas,

289 2734 478 2823 Utriusque
496 2752 572 2802 toro
590 2733 779 2802 lectissima
799 2756 947 2822 corpora
968 2751 1092 2800 servat.

284 2901 356 2973 Sed
376 2921 550 2993 quantum
569 2902 715 2992 reliquis
733 2903 824 2984 illae,
844 2921 981 2970 tantum
1000 2901 1105 2969 officit
1123 2901 1204 2983 iltis,

286 3071 537 3159 Obscuratque
555 3094 680 3139 omnes
698 3071 802 3162 longe
820 3071 1058 3160 pulcherrima
1080 3071 1195 3156 virg0,

286 3239 394 3328 Quae
412 3240 491 3307 talis
506 3259 612 3329 caput
631 3239 665 3306 in
688 3240 814 3308 mediis
835 3239 961 3307 attollit
978 3241 1180 3319 honestum,

287 3408 464 3476 Pallentes
482 3408 574 3475 inter
590 3409 704 3497 qualis
722 3432 800 3477 rosa
817 3409 949 3498 fulgida
971 3409 1114 3475 calthas.

290 3577 418 3644 Esther
435 3598 565 3643 nomen
585 3577 689 3644 babet
705 3577 795 3644 caris
811 3576 1027 3664 cognomine
1048 3577 1192 3644 Edissae

289 3746 440 3813 Notior:
464 3746 630 3814 Hebraeo
647 3747 810 3834 quamvis
831 3769 849 3811 a
867 3746 1043 3830 sanguine
1063 3763 1168 3827 creta,

290 3915 373 3981 Non
392 3914 544 3982 recidiva
563 3937 722 4004 unquam
742 3913 969 4004 Solymorum
992 3914 1134 3980 moenia
1153 3913 1240 3981 vidit
1259 3919 1292 3994 ¹3

287 4080 437 4172 Quippe
458 4099 573 4166 atavo,
593 4083 715 4172 patriis
732 4104 844 4177 quum
862 4081 1110 4149 transferretur
1126 4082 1169 4148 ab
1187 4082 1272 4161 otis,

286 4250 463 4322 Susorum
482 4250 692 4340 obtigerant,
716 4250 776 4317 ubi
795 4250 914 4317 sedem
933 4266 1093 4337 poneret,
1114 4271 1221 4317 arces.

394 4607 402 4637 ¹
426 4605 561 4660 Recidiva
577 4605 701 4670 moenia,
724 4621 827 4676 nempe
841 4605 877 4658 ab
893 4604 982 4659 Esdra
996 4605 1052 4660 sub
1068 4605 1152 4659 Dario
1169 4605 1309 4660 restituta.
