3972 5654
516 395 579 460 306
955 415 1001 458 ao
1022 414 1163 460 uuonan
1186 415 1248 458 xrrr

560 585 699 676 Quarta
718 587 806 678 sugit
824 588 883 655 sed
902 588 998 655 enirn
1017 587 1140 654 saeclis
1159 586 1382 654 volventibus
1400 604 1508 664 aetas,

606 756 682 828 Sub
700 756 801 825 terris
819 779 860 824 ex
877 779 948 844 quo
966 774 1056 824 tetra
1079 773 1215 845 reperta
1234 778 1325 822 nova
1346 773 1407 823 est.

562 927 660 993 Haec
681 926 768 992 adeo
787 927 870 992 haec
889 925 954 992 tibi
974 925 1135 1001 debetur,
1154 924 1366 1014 cognomine
1385 924 1488 991 tellus

606 1092 819 1162 Defraudata
839 1094 930 1176 licet,
952 1094 1043 1163 clare
1061 1094 1252 1170 Colunrbe,
1272 1112 1343 1161 tuo.

562 1265 650 1332 Ecce
669 1282 778 1331 ratern
800 1263 904 1331 solvit
925 1263 1103 1349 Ligurum
1125 1263 1341 1330 fortissirnus
1360 1262 1477 1344 heros,

606 1433 674 1503 Cui
693 1451 829 1501 certum
850 1432 978 1522 triplici
1003 1450 1122 1522 pectus
1143 1433 1187 1499 ab
1205 1454 1284 1499 aere
1304 1432 1392 1522 riget
1410 1454 1420 1518 ;

562 1601 831 1691 Perlustratque
848 1601 961 1669 tribus
980 1602 1210 1668 tenebrosum
1227 1601 1409 1691 puppibus
1427 1622 1573 1689 aequor,

607 1771 667 1839 Nil
690 1771 797 1839 maris
816 1789 874 1838 aut
892 1769 1064 1837 comitum
1082 1769 1224 1837 territus
1243 1769 1300 1836 ille
1320 1769 1443 1850 minis,

562 1939 693 2029 Optata
714 1962 839 2029 prorae
860 1940 971 2006 donec
993 1938 1179 2027 potiuntur
1195 1961 1315 2020 arena,

608 2108 692 2196 Qua
713 2109 819 2176 rubet
836 2106 1033 2178 Occiduam
1054 2107 1210 2196 possidet
1228 2107 1340 2174 Indus
1358 2108 1524 2174 humum.

561 2276 711 2366 Diffugit
733 2277 872 2344 insueto
890 2275 1096 2366 perterritus
1112 2275 1226 2342 incola
1245 2275 1336 2353 visu,

607 2447 691 2512 Mox
709 2463 826 2512 tamen
846 2444 974 2512 evictas
994 2445 1052 2511 dat
1070 2444 1244 2533 probitate
1263 2466 1401 2512 manus.

563 2613 650 2680 lnde
669 2614 761 2682 feros
778 2636 896 2682 mores
915 2614 1073 2702 titusque
1091 2635 1194 2680 exosa
1211 2633 1376 2680 cruentos

611 2782 723 2871 Erigit
741 2805 781 2849 ex
800 2783 938 2850 untbris
955 2805 1043 2868 gens
1062 2782 1218 2850 rediviva
1236 2800 1365 2871 caput;

563 2955 830 3039 Auctoremque
847 2974 954 3018 suunt
971 2951 1145 3036 agnoscit,
1165 2972 1371 3039 numenque
1390 2970 1541 3028 veretur,

609 3119 654 3186 Et
670 3119 827 3187 dorninis
845 3120 1006 3208 proprias
1024 3120 1112 3186 laeta
1130 3121 1292 3209 rependit
1309 3143 1405 3208 opes.

565 3286 748 3376 Cornpede
769 3288 817 3354 sic
836 3287 1003 3354 meritunt
1023 3289 1111 3355 dura
1129 3287 1157 3354 si
1177 3288 1287 3355 vinxit
1308 3288 1445 3369 Iberus,

613 3457 726 3523 Roma
746 3456 821 3522 viro
839 3456 968 3545 plausit
989 3458 1125 3546 plaudit
1142 3476 1174 3524 et
1192 3480 1305 3545 usque
1324 3479 1473 3525 rnenror.

566 3624 647 3712 lpsa
666 3624 836 3712 parentali
854 3625 1006 3692 celebrat
1023 3625 1182 3692 solennia
1201 3649 1345 3716 pompa,

612 3792 817 3881 Illustrique
834 3793 972 3861 animae
991 3794 1125 3862 solvere
1148 3795 1237 3862 iusta
1259 3805 1391 3862 rnonel.

565 4297 680 4384 Quid,
700 4299 795 4386 quod
815 4299 874 4366 ubi
894 4299 1020 4367 insano
1037 4300 1170 4369 fervent
1192 4303 1265 4368 loca
1283 4302 1414 4370 torridu
1433 4303 1585 4371 Cancro

614 4467 797 4534 pontilicis
815 4469 920 4536 sentit
940 4470 1112 4538 barbarus
1129 4471 1214 4540 Afer
1231 4495 1334 4560 opern
1352 4499 1360 4554 ς
