3970 5580
495 477 537 542 88
892 497 938 542 no
964 499 1124 543 iuvenali
1146 499 1271 543 sarran

498 673 616 750 Exue;
639 693 721 738 narn
744 671 828 738 tanti
849 669 951 738 faciet
971 689 1002 738 te
1022 670 1121 738 sutile
1140 672 1280 762 vulgus,

494 839 631 927 Quanti
653 857 685 907 te
704 839 778 929 ipse
796 839 893 908 iacis.
914 841 1071 907 Laudato
1090 841 1262 907 modestia
1282 841 1430 924 cunctis,

495 1008 595 1077 Nulli
612 1008 732 1076 adiuta
754 1009 868 1090 iacet,
891 1031 1005 1098 neque
1023 1009 1118 1076 enim
1139 1032 1192 1076 res
1211 1008 1378 1099 perspicit
1397 1011 1504 1092 intuS,

494 1176 564 1247 Sed
585 1177 701 1267 specie
719 1177 847 1268 vulgus
864 1200 1006 1267 semper
1023 1195 1185 1268 captatur
1206 1179 1316 1262 inani,

495 1346 582 1428 Nec,
602 1345 630 1412 si
650 1345 735 1435 quid
755 1345 876 1436 fulget,
896 1345 1010 1414 solido
1027 1347 1201 1437 dignoscit
1222 1348 1266 1414 ab
1285 1371 1383 1416 nur0.

494 1513 580 1602 Quo
598 1515 635 1581 fit
653 1531 690 1582 ut
711 1514 813 1582 illum
833 1515 996 1582 homines
1013 1515 1305 1605 admirenturque
1324 1518 1559 1607 probentque,

493 1683 561 1753 Cui
581 1701 662 1752 sunt
680 1683 850 1767 ludibri0,
868 1684 1023 1774 reliquos
1040 1685 1101 1774 qui
1119 1685 1208 1753 ridet
1226 1705 1259 1753 et
1275 1686 1360 1754 odit.

495 1851 626 1941 Ecquis
645 1870 682 1919 ut
701 1851 875 1920 Aemilius
895 1853 992 1920 novit
1011 1853 1211 1922 discernere
1233 1854 1332 1943 signa

493 2020 720 2103 Morborum,
741 2021 982 2112 membrisque
1001 2024 1111 2090 malas
1129 2025 1306 2113 depellere
1325 2024 1466 2093 febres?

492 2195 548 2258 An
569 2190 682 2257 Paulo
701 2190 859 2257 invenies
877 2192 988 2258 alium
1009 2192 1068 2280 qui
1091 2211 1250 2282 tempore
1271 2211 1391 2262 nostro

495 2359 667 2426 Defendar
684 2381 807 2426 causas
824 2360 966 2443 melius,
986 2361 1149 2450 legumve
1167 2363 1315 2430 resolvat

491 2527 672 2618 Ambages
689 2529 699 2595 ἓ
718 2533 764 2596 At
780 2528 876 2596 enim
898 2529 925 2596 si
945 2531 1207 2619 percontaberis
1225 2531 1320 2621 ipsos

493 2695 613 2784 Quam
634 2696 720 2764 ferat
737 2697 913 2764 ambobus
930 2716 1085 2788 segetem
1105 2699 1215 2782 labor,
1235 2700 1354 2768 obruit
1374 2701 1476 2768 illum

493 2864 776 2953 Pharmacopola
802 2866 944 2955 loquax,
963 2867 1054 2936 cedit
1075 2868 1218 2936 tabulae
1237 2869 1299 2936 iste
1322 2888 1496 2959 protervo.

493 3031 674 3117 Quocirca
695 3055 815 3101 merus
832 3051 883 3100 est
903 3034 1001 3102 furor
1021 3035 1262 3124 impallescere
1279 3037 1420 3120 chartis,

492 3207 627 3270 Aurato
645 3224 759 3291 quum
780 3224 869 3270 vana
891 3203 968 3270 vehi
991 3204 1153 3272 iactantia
1171 3227 1276 3273 curru

494 3369 756 3459 Ingeniumque
777 3374 937 3461 pedestre
956 3372 1042 3440 solet
1059 3395 1290 3464 conspergere
1306 3397 1429 3442 coeno.

490 3537 572 3609 Sint
588 3555 705 3606 tamen
727 3539 760 3608 in
780 3539 904 3608 forulis
922 3540 984 3608 ribi
1003 3542 1164 3631 dispositi
1183 3543 1307 3612 ordine
1329 3544 1409 3612 libri

492 3706 673 3776 Sublimes
690 3707 805 3797 prima
827 3708 946 3776 titulos
968 3709 1001 3778 in
1020 3710 1134 3778 fronte
1151 3731 1324 3801 gerentes,

490 3876 658 3943 Testibus
677 3877 731 3944 his
749 3896 786 3944 ut
804 3900 874 3946 non
894 3897 1002 3946 exstet
1019 3897 1051 3947 te
1069 3881 1204 3949 doctior
1221 3883 1318 3949 alter.

493 4045 571 4111 Hos
588 4045 695 4112 etiam
715 4046 815 4114 volve
837 4046 1033 4130 interdum,
1053 4071 1123 4115 non
1144 4068 1263 4138 pectus
1282 4069 1319 4118 ut
1337 4052 1419 4119 inde

493 4212 579 4279 Plus
600 4215 712 4302 sapiat
729 4213 806 4298 tibi,
826 4215 885 4282 sed
905 4235 1022 4284 mente
1041 4234 1078 4284 ut
1096 4217 1281 4308 peregrina
1300 4241 1450 4308 reponas

493 4379 592 4447 Dicta
611 4403 762 4465 mernor,
782 4383 886 4473 vulgo
905 4406 976 4450 non
996 4384 1169 4452 intellecta
1191 4386 1352 4475 profano,

491 4547 596 4636 Quae
613 4568 740 4619 cuncto
757 4552 793 4618 in
811 4571 926 4635 coetu,
947 4553 1086 4642 quoties
1103 4555 1218 4622 oblata
1237 4555 1395 4640 facultas,
