3936 5578
503 533 563 616 184
1019 551 1155 595 asanaa

496 731 616 813 Atque
634 725 756 814 procul
780 726 904 814 pelago
922 727 1065 814 prodest
1082 725 1164 792 dare
1183 724 1259 791 iura
1278 723 1468 813 profund0‚

499 893 699 960 Immensas
716 893 802 982 quid
819 916 904 982 opes
922 891 1023 962 Susis
1043 893 1254 974 cumulasse,
1278 892 1407 959 recenti

500 1061 647 1152 Imperii
666 1062 746 1129 sede
767 1067 790 1140 ¹,
810 1081 841 1129 et
859 1061 1040 1129 traducere
1063 1062 1215 1128 molliter
1235 1083 1377 1140 aevum,

498 1229 539 1300 Si
557 1229 734 1298 desiderio
752 1248 892 1319 captum
913 1230 1015 1298 dolor
1033 1229 1104 1296 urit
1123 1230 1296 1297 acerbus?

500 1398 618 1468 Causa
639 1398 721 1466 mali
739 1398 868 1466 coniux
887 1398 967 1465 imis
988 1399 1092 1465 infixa
1110 1398 1290 1478 medullis,

501 1567 699 1634 Praestanti
718 1567 818 1648 facie,
842 1566 996 1634 nimium
1015 1567 1073 1633 sed
1092 1567 1230 1633 conscia
1248 1567 1396 1646 formae,

497 1739 595 1803 Ausa
616 1735 721 1802 etiam
744 1757 858 1824 nuper
875 1735 967 1825 regis
984 1753 1209 1803 contemnere
1229 1735 1346 1814 iussas

421 1892 424 1898 ’
499 1905 609 1972 Haud
629 1904 777 1994 impune
795 1904 954 1992 quidem,
973 1904 1089 1971 subita
1108 1927 1190 1972 nam
1210 1905 1362 1993 percitus
1382 1904 1431 1972 ira

501 2072 639 2143 Ordine
656 2073 825 2141 deiectam
848 2073 983 2162 pepulit
1002 2073 1162 2161 solioque
1184 2074 1375 2162 domoque.

499 2241 569 2312 Sed
589 2264 659 2309 non
677 2259 714 2309 ut
732 2242 886 2308 thalamo
904 2242 952 2308 sic
970 2241 1064 2308 illam
1082 2243 1187 2309 corde
1207 2241 1358 2309 removit

500 2410 693 2478 Protinus:
713 2428 792 2476 ante
810 2411 930 2477 oculos
947 2428 1077 2500 perstat
1098 2410 1291 2477 moerentis
1309 2410 1438 2498 imago,

498 2579 806 2668 immodicamque
826 2579 900 2647 viro
920 2583 1072 2668 po'enam
1089 2579 1263 2647 obiectare
1283 2579 1431 2647 videtur.

500 2748 596 2838 Ipse,
615 2771 713 2815 mora
734 2748 849 2836 primo
870 2765 907 2814 ut
926 2765 1079 2815 mentem
1099 2748 1238 2838 collegit
1258 2749 1301 2814 ab
1319 2766 1431 2828 aestu,

501 2917 677 2984 Extenuat
693 2916 832 3005 culpam
852 2939 1064 3005 causamque
1084 2935 1221 3005 perorat
1239 2916 1393 2998 abactae,

498 3084 763 3174 Succensetque
783 3084 863 3168 sibi,
886 3102 1023 3174 praeter
1040 3086 1199 3153 consulta
1218 3085 1377 3174 priorum

498 3253 742 3341 Solennesque
766 3276 863 3336 usus,
883 3257 973 3320 hanc
991 3254 1050 3342 qui
1070 3253 1212 3342 prodire
1232 3275 1368 3320 recessu

499 3425 617 3509 Atque
635 3423 793 3488 modesta
811 3422 896 3488 viris
913 3423 1097 3489 ostendere
1117 3421 1256 3489 iusserit
1275 3444 1348 3490 ora.

499 3589 608 3678 Quod
627 3589 718 3672 licet,
738 3591 906 3656 amissam
925 3613 1044 3657 secum
1067 3613 1205 3657 memor
1226 3613 1337 3679 usque
1359 3589 1517 3679 requirit.

498 3758 569 3829 Sed
588 3758 751 3847 quamvis
769 3759 872 3825 tacito
891 3760 1010 3826 condit
1025 3760 1090 3826 sub
1110 3778 1249 3848 pectore
1270 3760 1412 3839 vulnus,

497 3931 637 4016 Agmen
658 3926 868 3994 adulantum
887 3949 1011 3994 sensus
1028 3928 1214 4016 deprendit
1230 3946 1384 4016 opertos.

500 4095 628 4162 Moesti
650 4097 782 4162 adeunt
801 4114 990 4177 moestum,
1012 4096 1103 4162 docti
1123 4118 1336 4185 componere
1359 4096 1488 4178 vultus,

500 4263 543 4331 Et
566 4264 688 4353 populi
709 4287 751 4331 ne
772 4265 885 4332 obstet
903 4266 992 4332 votis
1009 4265 1245 4332 concordibus
1262 4283 1376 4345 orant,

607 4620 613 4650 ¹
638 4621 747 4674 lVrbem
768 4621 843 4674 Susa
856 4637 872 4674 a
886 4619 971 4675 Dario
986 4621 1134 4675 conditam
1154 4621 1238 4676 docet
1254 4621 1364 4675 Plinius
1381 4621 1454 4676 llist.
1470 4633 1528 4676 nat.
1545 4621 1592 4674 Vl.
1613 4623 1672 4675 133.
