3936 5578
512 527 570 592 186
1023 545 1158 590 asruan

507 719 648 788 Limine
666 720 732 787 sub
749 720 867 809 primo
884 719 974 787 vitae
991 718 1211 810 genitoribus
1228 718 1350 786 orbam

507 887 653 956 lairldes
670 889 761 955 banc
781 888 1019 955 Mardocheus
1038 895 1048 931 1
1066 887 1219 978 suscepit
1239 888 1418 969 alendam,

505 1057 674 1126 Germani
694 1057 866 1139 sobolem,
888 1056 1053 1145 miroque
1070 1055 1190 1123 eduxit
1210 1078 1356 1135 amore3

507 1226 582 1292 Nec
600 1223 685 1314 legis
703 1223 817 1291 solum
838 1222 959 1289 docuit
977 1241 1160 1312 praecepta
1178 1245 1366 1312 supernae,

505 1391 575 1463 Sed
595 1391 689 1459 varia
707 1392 816 1458 solers
835 1390 1010 1480 insignem
1030 1390 1182 1459 reddidit
1203 1408 1286 1457 arte.

504 1563 643 1629 Tantus
660 1580 733 1629 erat
748 1564 893 1644 candor,
912 1579 982 1628 tam
1002 1583 1078 1629 rara
1098 1560 1268 1628 modestia
1286 1560 1425 1642 frontiS,

507 1730 666 1798 Invidiae
686 1730 858 1798 immunis
877 1731 973 1797 nulla
992 1748 1029 1797 ut
1049 1753 1119 1797 nou
1139 1750 1236 1818 parte
1255 1729 1419 1818 placeret.

505 1897 610 1986 Quae
628 1898 733 1966 simul
751 1898 897 1967 Assueri
916 1897 1029 1988 tetigit
1047 1897 1255 1986 pudibunda
1273 1895 1403 1976 cubile,

504 2067 683 2157 Adspectu
702 2085 817 2156 stupet
835 2067 907 2148 ille,
927 2066 1088 2156 rapitque
1107 2089 1169 2155 per
1185 2089 1263 2134 ossa
1284 2065 1436 2132 calorem
1453 2090 1462 2146 ς

507 2238 625 2324 thue
647 2236 718 2302 oris
736 2237 835 2302 dotes
852 2235 998 2324 pulchra
1019 2235 1130 2323 liquet
1151 2235 1268 2302 indole
1288 2233 1394 2315 vinci,

507 2404 748 2494 Praepositam
771 2425 930 2471 nuruum
947 2405 1070 2471 turbae
1089 2404 1287 2471 diademate
1305 2405 1413 2470 donat

399 2582 403 2590 ’
504 2573 653 2658 Virgato
671 2581 683 2617 ’Ξ
703 2591 736 2640 et
753 2573 904 2662 gemmis
924 2573 1056 2641 circum
1075 2572 1294 2662 fulgentibus
1312 2590 1403 2661 apto,

507 2743 581 2809 Nec
601 2743 723 2810 minus
740 2742 860 2809 altoris
878 2741 1013 2809 monitu
1032 2741 1254 2831 patriamque
1272 2763 1455 2831 genusque

506 2911 605 2979 Celat
625 2911 740 2978 adbuc
757 2911 909 2978 mulier:
934 2910 1104 2978 nimirum
1127 2910 1207 2977 odia
1228 2932 1350 2999 aspera
1368 2927 1506 3000 gentem

505 3078 759 3161 Circumstant,
780 3101 841 3146 nec
860 3101 960 3145 mens
977 3078 1060 3145 satis
1078 3079 1255 3168 explorata
1274 3077 1426 3167 tyranni.

549 3252 596 3313 At
612 3247 765 3314 devincti
784 3248 924 3314 animos
943 3266 980 3316 ut
997 3247 1123 3315 rexerit
1140 3248 1198 3314 illa
1219 3247 1352 3324 mariti,

507 3417 589 3484 Non
609 3416 687 3483 ideo
704 3417 816 3484 effecit
834 3439 876 3484 ne
897 3416 1143 3483 fallacissimus
1161 3417 1278 3482 aulam

504 3585 682 3675 Agagides
702 3603 856 3652 versaret
875 3590 1005 3668 Amam
1028 3585 1219 3673 turbasque
1237 3585 1355 3664 cieret,

506 3753 629 3841 Quem
647 3753 784 3820 domini
807 3754 905 3822 favor
923 3753 1110 3844 indignum
1130 3756 1172 3821 ad
1191 3753 1328 3843 fastigia
1345 3775 1463 3821 rerum

507 3922 640 3990 Evenit.
659 3921 790 3991 Generi
809 3923 889 3990 felix
906 3923 1083 3990 cunabula
1103 3923 1227 3990 Idume

613 4295 620 4324 ¹
643 4295 817 4349 Necessitate
839 4295 956 4349 metrica
971 4307 1072 4350 coacto
1090 4300 1189 4365 poetae
1209 4312 1242 4349 ex
1257 4294 1449 4348 blardocbaeo
1465 4294 1677 4348 llardocbeum

507 4402 606 4455 secisse
621 4401 711 4456 liceat.

613 4517 623 4547 ²
643 4516 795 4569 «Cidarim
812 4519 911 4570 Persae
926 4519 1068 4572 vocabant
1084 4518 1194 4586 regium
1210 4517 1312 4588 capitis
1329 4517 1459 4586 insigne;
1477 4519 1532 4570 hoc
1546 4518 1676 4570 caerulea

506 4623 593 4677 lascia
606 4623 671 4676 albo
686 4623 822 4679 distincta
836 4625 1045 4678 circumibat».
1062 4625 1097 4692 Q.
1113 4625 1231 4679 Curtius
1250 4625 1298 4678 lll.
1316 4625 1342 4677 ll.
