3928 5580
496 527 537 590 42
1007 529 1150 574 statuta

497 702 642 769 Pectora
659 703 745 769 dunt
765 723 848 770 vero
866 701 995 791 passim
1017 701 1178 770 mortalia
1195 703 1340 770 turbant

497 870 659 938 Infernae
681 889 807 960 pestes
828 871 1007 939 celebrant
1024 871 1217 962 penetralia
1236 891 1377 957 regum,

496 1039 737 1128 Conciliisque
755 1040 889 1123 sedent,
912 1040 967 1106 via
988 1062 1050 1107 nec
1068 1062 1173 1129 super
1194 1041 1264 1108 ulla
1285 1040 1422 1122 salutis,

496 1209 679 1278 Continuo
695 1208 855 1276 Vaticani
874 1211 917 1277 de
939 1209 1067 1276 vertice
1085 1210 1236 1277 missum

499 1377 647 1445 Fulmen
667 1377 753 1460 abit,
774 1379 870 1466 quod
888 1377 915 1444 si
937 1401 1034 1468 reges
1052 1379 1193 1460 afflavit,
1213 1378 1337 1446 iisdem

498 1546 601 1614 Mens
619 1563 733 1636 torpet
751 1546 913 1635 viresque
931 1547 1051 1629 simul,
1081 1565 1246 1638 vastaque
1264 1547 1367 1615 ruina

497 1715 663 1784 Concidit
680 1715 715 1782 in
735 1715 879 1783 meritos
892 1716 1045 1783 sublime
1063 1735 1234 1784 exstructa
1253 1734 1416 1806 potestas.

498 1883 618 1952 ltaliae
639 1903 772 1952 norunt
789 1885 912 1975 populi
931 1909 938 1952 :
962 1885 1042 1968 scis,
1064 1885 1198 1954 Gallice
1217 1886 1369 1956 Caesar!

497 2055 606 2120 Versa
624 2071 719 2120 metu
740 2054 854 2122 lucem
870 2054 1013 2144 fugiunt
1031 2054 1156 2144 Stygia
1174 2054 1330 2144 agmina,
1351 2073 1384 2122 et
1403 2055 1495 2122 ultro

499 2223 608 2290 Plena
629 2223 748 2290 sinunt
765 2241 868 2312 atque
887 2245 1014 2290 manus
1033 2241 1164 2291 remeat
1183 2224 1255 2290 Pax
1276 2223 1425 2292 candida
1446 2223 1562 2292 donis.

544 2391 676 2460 Felices
692 2413 775 2482 ergo
793 2391 897 2459 tantis
915 2391 1047 2480 quibus
1064 2393 1203 2483 exigere
1220 2415 1346 2461 aevum

497 2561 658 2648 Contigit
678 2562 906 2650 auspicibus!
926 2561 1062 2630 cunctis
1079 2561 1213 2630 felicior
1229 2561 1299 2643 ille,

497 2729 564 2799 Cui
583 2749 615 2797 te
633 2752 735 2798 nosse
752 2731 873 2798 datum
893 2748 956 2814 est,
975 2731 1106 2799 altricis
1124 2731 1235 2821 gloria
1254 2731 1382 2811 Senae,

499 2899 578 2967 Rite
596 2899 794 2967 salutiferae
812 2899 931 2967 titulos
949 2900 1008 2989 qui
1032 2899 1180 2989 virginis
1198 2905 1327 2990 auges!

497 3075 528 3137 Α
545 3070 673 3158 pietate
689 3088 787 3137 tenes
805 3071 898 3137 haud
917 3070 1028 3137 fallaci
1047 3070 1168 3138 omine
1187 3092 1334 3150 nomen,

498 3238 654 3306 Maxima
672 3239 727 3306 cui
750 3238 890 3306 veniam
916 3257 966 3306 est
984 3239 1075 3306 hosti
1098 3239 1263 3306 tribuisse
1281 3240 1455 3328 voluptas.

497 3406 628 3477 Civiles
648 3425 763 3476 motus
781 3425 992 3497 externaque
1011 3409 1101 3475 bella
1120 3407 1281 3498 rependit

499 3578 679 3666 Ingratum
700 3599 825 3667 genusq
845 3596 878 3645 et
895 3578 992 3668 regni
1013 3578 1092 3666 plus
1111 3597 1207 3666 parte
1226 3578 1380 3666 potitum

496 3743 751 3833 Tergentinam
769 3743 916 3833 accingit
934 3766 1008 3811 sese
1027 3760 1208 3811 attrectare
1225 3743 1363 3810 tiaram.

499 3915 581 3980 Non
601 3913 663 3980 tibi
682 3931 799 3980 niente
819 3913 898 3980 ideo
916 3935 1034 3981 rerum
1054 3912 1181 3981 fiducia
1199 3913 1314 3995 cessit,

500 4081 671 4149 Pollicitis
689 4081 776 4149 freto
794 4081 953 4172 magnis:
974 4083 1147 4172 captivus,
1171 4081 1330 4164 inermis7

498 4251 701 4319 Coelestum
721 4252 780 4318 sed
799 4274 865 4339 ope
884 4268 917 4318 et
935 4252 1152 4341 populorum
1171 4269 1266 4319 tutus
1284 4273 1404 4318 amore

498 4418 660 4508 Adspicis
680 4419 859 4508 impavida
878 4419 1059 4487 venientes
1077 4419 1190 4487 fronte
1216 4421 1398 4508 procellas.

498 4589 611 4655 Macte
630 4588 772 4670 animis,
791 4608 937 4677 auguste
956 4611 1059 4656 senex
1075 4614 1084 4671 3
1104 4606 1135 4656 te
1154 4589 1264 4656 serior
1281 4607 1373 4656 netas
