3936 5578
514 581 573 646 158
923 599 1027 643 rubas
1053 598 1276 643 rracrrnamus

555 773 746 862 Praerepta
764 772 824 840 sed
849 789 925 840 turn
945 788 1093 861 patruus
1109 770 1245 839 ditione
1262 770 1415 839 tenebat.

555 943 664 1010 Hunc
684 940 744 1009 ubi
766 939 969 1030 Persepolis
987 941 1119 1008 victum
1140 940 1206 1008 sub
1224 939 1414 1008 moenibus
1431 939 1543 1022 audit,

555 1112 652 1179 Dum
668 1131 773 1178 curru
792 1109 933 1200 fugiens
953 1108 1078 1198 repetit
1099 1108 1280 1199 Babylona
1298 1108 1417 1191 citato,

554 1278 777 1348 Occubuisse
796 1277 885 1360 neci,
905 1277 994 1345 solio
1012 1278 1197 1345 succedere
1219 1295 1341 1344 natum

556 1445 762 1535 Impubem,
785 1467 859 1513 sese
877 1446 1020 1536 populis
1037 1446 1080 1512 ad
1099 1463 1233 1534 sceptra
1256 1445 1404 1534 reposci,

557 1613 695 1682 Dimitti
718 1613 868 1703 quaerit,
888 1614 1113 1704 reditumque
1135 1632 1272 1683 vetante
1296 1635 1434 1697 senatu,

556 1782 677 1851 Exsilii
698 1783 900 1872 impatiens,
920 1783 980 1851 ubi
1001 1783 1160 1874 primum
1178 1784 1295 1853 oblata
1312 1784 1470 1866 facultas,

554 1951 772 2022 Conscendit
789 1951 911 2020 furtim
928 1952 1066 2020 deserto
1084 1953 1118 2020 in
1139 1952 1239 2020 litore
1258 1974 1399 2034 navem,

556 2123 600 2190 Et
621 2123 729 2188 latum
751 2143 917 2188 emensus
935 2121 1057 2210 paucis
1078 2121 1331 2189 comitantibus
1348 2143 1481 2211 aequor

557 2289 684 2379 Puppe
702 2307 866 2356 coronata
882 2291 914 2356 T
918 2289 1040 2380 ripolis
1058 2289 1153 2357 subit
1171 2290 1258 2357 ostia
1276 2291 1400 2357 celsae.

554 2457 813 2526 Antiochorum
832 2479 915 2548 ergo
935 2458 1067 2548 quibus
1085 2458 1289 2548 importuna
1307 2475 1473 2548 potestas,

556 2627 678 2715 Deque
700 2649 792 2694 novo
811 2627 938 2694 melius
955 2627 1070 2694 visum
1091 2649 1231 2715 sperare
1251 2645 1416 2717 tyrann0,

556 2793 744 2865 Serviriive
762 2794 893 2884 quibus
911 2794 1101 2864 dominum
1124 2811 1175 2862 est
1189 2814 1326 2863 mutare
1344 2796 1519 2878 levamen,

556 2962 748 3052 Excipiunt
768 2965 932 3031 reducem
952 2963 1045 3047 laeti,
1065 2985 1257 3054 regemque
1274 2964 1438 3031 salutant.

557 3130 751 3199 Mittuntur
768 3131 850 3200 cerri
868 3155 1007 3222 sparsas
1025 3132 1231 3222 ubicunque
1250 3155 1312 3221 per
1330 3133 1436 3200 urbes

555 3299 632 3387 Qui
651 3299 739 3367 facta
756 3302 938 3384 edoceant,
960 3301 1125 3388 civesque
1145 3301 1331 3368 hortentur
1350 3301 1384 3368 in
1403 3323 1513 3386 arma,

556 3468 782 3557 Invitenrque
799 3469 940 3537 animos
958 3471 1083 3558 preti0,
1104 3487 1339 3559 moveantque
1356 3471 1544 3538 tumultus.

599 3635 780 3726 Principis
797 3655 831 3704 at
851 3637 949 3726 pueri
973 3655 1093 3706 tractat
1114 3637 1175 3726 qui
1192 3637 1337 3705 nomine
1353 3637 1494 3705 clavum

557 3803 681 3890 Lysias
698 3805 815 3890 regni,
837 3805 951 3873 subita
973 3806 1149 3874 exoriente
1169 3807 1320 3895 procella

557 3974 775 4062 Deprensus,
793 3974 879 4063 quid
898 3993 976 4065 agat
991 3976 1101 4043 dubia
1119 3977 1205 4042 dum
1223 3993 1341 4043 mente
1360 3975 1521 4064 requirit,

556 4142 769 4211 Cunctando
787 4143 871 4210 sinit
887 4145 1051 4212 adversas
1069 4144 1261 4212 increscere
1280 4143 1382 4212 vires¹

556 4311 633 4378 iarn
650 4310 853 4380 defecerunt
869 4313 984 4402 Tyros
1000 4331 1033 4380 et
1051 4312 1244 4381 Phoenicia
1260 4311 1386 4396 Sidon,

555 4479 600 4546 Et
618 4479 772 4549 Cilicum
790 4480 938 4549 Tharsis
956 4484 1062 4549 decus
1080 4499 1184 4571 atque
1201 4486 1360 4572 Apamea
1379 4481 1534 4571 virisque

556 4649 727 4716 Heraclea
745 4648 925 4739 frequens,
943 4651 1051 4719 fluctu
1068 4651 1205 4742 pulsata
1223 4651 1361 4720 marino
