3936 5578
817 525 953 568 nsrnnn
1410 506 1474 570 203

302 699 376 765 Rex
397 697 504 783 genio
523 696 744 785 obsequitur,
767 720 829 764 nec
846 716 919 765 tam
936 698 1158 788 dapibusque
1176 721 1347 786 meroque

300 865 500 935 Perfruitur
516 888 625 954 quam
643 866 820 956 colloquio
837 866 1033 955 praesentis
1056 866 1212 934 Edissae.

299 1036 489 1125 Adspectat
507 1036 624 1102 vuitus
646 1057 829 1124 nunquam
848 1036 1037 1103 exsatiatus
1057 1055 1205 1114 amatos,

301 1207 344 1274 Et
360 1223 475 1295 captat
493 1228 608 1288 voces,
626 1207 826 1295 pendetque
846 1206 1024 1295 loquentis
1042 1207 1175 1274 abore.

298 1378 402 1444 Tunc
421 1376 466 1442 ita
487 1403 493 1441 :
513 1375 770 1463 «Suspensum
789 1377 874 1464 quid
894 1399 962 1457 me,
981 1375 1187 1444 dulcissima
1208 1400 1342 1456 rerum,

301 1547 423 1634 Usque
443 1563 556 1626 tenes,
575 1544 776 1633 mentisque
796 1545 870 1613 viro
887 1563 1016 1613 secretu
1034 1545 1132 1614 fateri
1171 1590 1172 1594 =

298 1715 485 1785 Cunctaris
501 1716 511 1782 Ξ
530 1737 656 1782 meane
674 1732 725 1781 est
745 1717 833 1782 adeo
854 1733 1014 1803 suspecta
1034 1716 1224 1783 voluntas?

297 1887 388 1950 Ante
407 1881 534 1949 fretum
553 1881 691 1966 fugient
708 1903 878 1948 converso
895 1881 1045 1949 flumina
1066 1883 1181 1970 lapsu,

296 2055 413 2140 Atque
431 2074 512 2118 suos
533 2051 660 2118 fluctus
680 2049 821 2140 Ganges
840 2050 1000 2118 miscebit
1020 2052 1226 2141 Hydaspae,

298 2219 419 2308 Quam
436 2219 571 2287 tristem
590 2242 652 2308 per
669 2241 725 2286 me
743 2219 863 2286 doleas
881 2238 1022 2307 experta
1041 2221 1234 2309 repulsam.

297 2388 421 2477 Quare
441 2411 517 2478 age,
537 2410 663 2479 magna
682 2410 791 2455 vove:
814 2410 996 2477 nunquam
1017 2387 1225 2457 fraudabere
1245 2408 1340 2469 vom,

298 2557 498 2626 Dimidium
518 2579 581 2625 nec
602 2557 629 2624 si
649 2576 828 2625 succurrat
846 2580 988 2646 poscere
1011 2558 1124 2648 regni.

297 2728 351 2795 Ne
370 2727 477 2794 verbo
496 2727 687 2808 indubites,
706 2749 780 2816 per,
800 2725 859 2814 qui
883 2725 976 2794 videt
994 2727 1115 2794 omnia
1135 2727 1310 2794 Mithram

297 2896 437 2984 Perque
454 2914 533 2963 tuos
552 2895 643 2978 iur0‚
663 2895 780 2984 potius
800 2895 886 2962 mihi
906 2896 1018 2976 sidus,
1036 2897 1177 2963 ocellos.
1194 2923 1213 2958 »

295 3065 456 3134 Candida
475 3087 581 3154 quern
600 3087 700 3133 roseo
717 3064 845 3132 coniux
863 3065 911 3131 sic
929 3087 989 3133 ore
1008 3083 1125 3132 secuta
1145 3084 1219 3132 est:

295 3232 364 3302 «Si
384 3232 472 3300 mihi
491 3234 662 3322 regnandi
686 3256 871 3323 nunquam
889 3233 954 3301 fuit
972 3235 1042 3301 ulia
1060 3233 1204 3322 cupid0,

297 3402 402 3468 Mene
424 3418 555 3489 queunt
575 3400 678 3468 hodie
699 3402 784 3468 tales
802 3401 1058 3491 praestringere
1076 3423 1195 3478 curae,

296 3568 422 3657 Quum
443 3569 550 3636 vitant
572 3593 727 3638 servasse
746 3592 861 3637 meam
881 3569 1059 3658 vitamque
1082 3592 1243 3637 meorum

296 3737 438 3806 Grande
459 3755 560 3804 tuum
579 3736 668 3804 mihi
687 3760 819 3805 munus
837 3739 902 3805 erit
919 3740 929 3804 i
953 3739 1007 3804 Ne
1026 3738 1167 3827 longius
1184 3760 1278 3805 erres

296 3907 459 3996 Ignarus,
477 3907 645 3996 genitrice
668 3924 777 3974 sutum
796 3929 903 3995 quam
925 3907 1070 3974 Perside
1088 3907 1186 3988 reris,

297 4073 427 4142 Iudaea
446 4074 586 4142 tandem
608 4097 663 4142 me
680 4075 774 4143 disce
794 4076 838 4141 ab
856 4076 992 4165 origine
1011 4093 1153 4142 cretam.

298 4241 437 4310 Limine
456 4245 521 4309 sub
540 4244 643 4324 vitae,
662 4243 795 4328 gemini
815 4262 892 4332 post
910 4243 977 4310 fara
996 4244 1165 4333 parentis

297 4411 535 4479 Mardocheus
553 4434 609 4478 me
625 4412 778 4502 suscepit
795 4412 860 4480 sibi
880 4413 1052 4502 sanguine
1074 4413 1243 4494 iunctam,

295 4580 374 4669 lpse
393 4603 516 4669 expers
535 4581 656 4670 prolis
676 4601 774 4670 pater
791 4599 823 4648 et
841 4582 947 4649 tutela
966 4582 1118 4650 relictae.
