3970 5580
691 571 727 614 IN
753 571 930 614 numanus
956 569 1199 614 EMANCIPATAS

466 741 706 810 pertulimus:
731 742 819 810 ratio
838 766 902 810 nos
919 745 1043 834 culpae
1061 743 1211 811 absolvit
1228 743 1353 824 avitae,

470 913 588 1001 Longe
606 911 673 977 alia
690 912 776 978 dum
796 931 984 1002 prognatas
1002 912 1045 980 ab
1063 911 1200 1002 origine
1218 929 1399 980 monstrat.

465 1077 605 1149 Scilicet
624 1097 660 1146 ut
675 1102 757 1147 casu
776 1097 886 1148 terrae
902 1099 1128 1150 concreverat
1144 1080 1253 1164 orbis,

463 1247 546 1318 Sole
564 1266 703 1337 tepente
721 1249 837 1338 gravis
857 1250 961 1316 tellus
977 1249 1174 1316 animantia
1196 1249 1287 1316 fudit

465 1416 673 1506 imperfecta
693 1417 854 1506 quidem,
873 1441 963 1507 quae
983 1419 1037 1485 vix
1055 1419 1261 1508 dignoscere
1281 1417 1409 1508 possis,

463 1585 532 1656 Sed
551 1603 668 1652 tamen
686 1603 719 1652 et
740 1605 838 1654 motu
858 1603 891 1653 et
912 1586 1005 1653 vitali
1027 1587 1183 1675 praedita
1201 1609 1330 1668 sensu3

464 1757 545 1822 Non
566 1754 665 1821 aliter
683 1777 791 1842 quam
809 1754 941 1822 tabenti
963 1756 1005 1822 de
1024 1755 1146 1822 sunere
1165 1773 1317 1822 vermes·

462 1924 598 2012 Sponte
616 1945 679 1990 sua
698 1923 838 2012 prodire
855 1924 978 1991 solent.
1002 1924 1175 1991 Volvente
1196 1925 1257 1991 sed
1274 1947 1359 1992 aevo

462 2094 619 2160 Naturae
637 2092 824 2160 instinctus
842 2092 1007 2160 meliores
1024 2115 1192 2181 quaerere
1211 2092 1342 2159 formas

462 2261 585 2349 Deque
604 2282 666 2326 sua
688 2261 781 2327 inter
798 2282 833 2326 se
852 2259 953 2326 iussit
968 2261 1180 2327 contendere
1198 2259 1279 2327 vita.

462 2431 557 2496 Dum
576 2430 743 2518 gravitate
762 2451 824 2496 sua
843 2429 1016 2516 quaedam
1037 2429 1206 2497 labuntur
1220 2429 1254 2496 in
1278 2431 1404 2512 undas,

464 2600 752 2667 Parssubmersa
771 2599 874 2688 perit,
897 2617 1032 2688 partem
1052 2599 1161 2666 miser
1177 2598 1289 2666 exitus
1307 2598 1377 2689 egit

460 2766 629 2857 Spirandi
649 2786 786 2836 mutare
806 2770 977 2836 modum:
998 2768 1047 2835 sic
1065 2769 1213 2836 flumine
1232 2769 1344 2858 pisces

460 2936 634 3018 llludunt,
655 2935 857 3023 victumque
875 2952 998 3023 petunt
1016 2957 1034 3000 a
1051 2934 1145 3022 pisce
1167 2934 1311 3002 minori.

461 3104 595 3170 Verum
613 3102 705 3184 aliis,
722 3103 807 3169 dum
827 3119 998 3190 perpetuo
1017 3101 1179 3169 nituntur
1196 3103 1231 3169 in
1250 3103 1376 3184 altum,

460 3269 531 3339 Seu
551 3271 701 3358 praedae
720 3269 852 3352 studi0‚
871 3270 945 3337 fieri
965 3293 1024 3338 seu
1045 3272 1174 3359 praeda
1195 3290 1368 3354 verentes,

460 3437 696 3508 Succrescunt
712 3438 844 3506 sensim
864 3440 1020 3527 plumae,
1040 3439 1256 3528 rapidaeque
1275 3441 1433 3508 volucres

460 3608 499 3674 ln
517 3607 694 3696 liquidum
708 3607 860 3697 sumptis
878 3609 1032 3675 evadunt
1049 3608 1188 3675 aethera
1205 3608 1346 3697 pennis

456 3777 651 3866 atquibus
672 3795 723 3844 est
739 3777 871 3844 calcare
889 3778 1004 3843 solum
1028 3777 1144 3844 nativa
1161 3777 1305 3866 cupida,

460 3945 658 4012 Prosiliunt
675 3967 853 4034 nexosque
871 3946 979 4012 citant
994 3945 1227 4035 compagibus
1248 3963 1356 4014 artus.

457 4112 516 4183 Sic
533 4113 621 4181 aliae
643 4132 746 4202 atque
763 4114 850 4182 aliae
868 4114 1001 4204 species
1023 4115 1058 4182 in
1077 4131 1235 4204 ternpore
1254 4133 1415 4205 surgunt,

459 4285 502 4350 Et
519 4281 625 4349 variis
643 4305 733 4370 quae
751 4283 954 4373 suppeditat
971 4303 1095 4353 natura
1114 4283 1287 4369 novatrix,

458 4455 569 4518 Arma
587 4469 757 4534 movent3
777 4475 931 4541 namque
950 4469 988 4520 ut
1005 4454 1103 4521 duxit
1120 4477 1183 4521 sua
1201 4475 1381 4543 quamque
1398 4453 1521 4536 libido,

458 4619 639 4710 Optarunt
656 4642 793 4712 ungues
811 4622 962 4712 pedibus
980 4623 1033 4690 vel
1052 4646 1184 4692 cornua
1201 4623 1321 4708 fronti,
