3970 5580
538 483 584 564 64
1045 506 1202 550 susanna

540 673 682 742 Desidia
704 675 798 742 haec.
827 675 865 746 Si
886 678 990 745 verba
1008 699 1134 746 sumus
1159 701 1229 747 non
1260 701 1340 747 vera
1366 680 1485 761 locuti,

539 843 578 908 ln
597 861 702 933 caput
718 861 883 934 optamus
901 863 1059 915 nostrum
1078 870 1182 915 cruor
1199 847 1264 916 iste
1282 850 1467 918 redundet.

539 1010 584 1078 Ni
605 1013 746 1100 penitus
763 1013 840 1081 diae
858 1015 960 1083 cessit
974 1015 1169 1084 reverentia
1188 1017 1288 1106 legis,

539 1179 771 1270 Praecipitate
789 1203 906 1250 moras
924 1209 931 1249 :
953 1207 1007 1252 me
1025 1207 1082 1252 me
1099 1203 1251 1275 spectate
1268 1207 1460 1275 meumque

538 1349 587 1416 lte
609 1371 670 1437 per
687 1351 903 1440 exemplum.
920 1375 938 1418 tt
956 1351 1059 1421 Vires
1076 1353 1183 1421 simul
1202 1355 1336 1422 arduus
1356 1355 1447 1422 ultra

494 1607 499 1617 Ι
535 1515 639 1604 Quas
656 1519 796 1586 senium
818 1521 937 1604 dabat,
954 1521 1094 1590 intorsit
1112 1521 1297 1591 iaculabile
1315 1545 1452 1604 saxum,

537 1690 581 1756 Et
598 1689 770 1757 missurus
788 1707 874 1773 erat,
892 1689 1009 1758 subito
1026 1713 1139 1780 quum
1158 1690 1301 1759 territus
1319 1691 1430 1760 haesit

534 1859 725 1948 Adspectu.
746 1859 868 1927 Medio
886 1881 927 1926 en
947 1859 1062 1949 spatio
1080 1860 1169 1928 nulli
1188 1876 1269 1927 ante
1288 1859 1462 1928 videndus

536 2026 645 2094 Infert
662 2050 697 2094 se
717 2027 856 2110 Daniel,
878 2050 988 2118 prope
1007 2046 1156 2097 venturo
1176 2027 1304 2096 obvius
1322 2029 1405 2112 ictu,

536 2195 653 2263 Paene
672 2218 760 2286 puer
778 2197 916 2278 Daniel,
936 2199 996 2265 sed
1014 2197 1071 2266 cui
1091 2219 1192 2265 niens
1213 2197 1368 2286 praescia
1388 2219 1558 2287 magnum

534 2364 709 2433 Conciliat
727 2365 796 2432 iam
816 2387 911 2433 nunc
929 2387 1059 2434 nomen
1075 2389 1084 2454 3
1106 2388 1168 2434 nec
1184 2365 1295 2456 gratia
1317 2366 1408 2456 regis

536 2534 617 2601 Non
635 2533 767 2601 accedit
782 2556 825 2602 eo
842 2552 875 2602 et
893 2556 1013 2602 rerum
1033 2534 1224 2602 commissa
1243 2550 1406 2623 potestas.

534 2703 749 2791 Iampridem
769 2725 940 2793 superum
959 2705 1054 2772 Deus
1072 2704 1155 2771 burc
1172 2703 1301 2770 afflavit
1324 2704 1497 2770 honorem
1516 2724 1525 2789 ;

533 2870 679 2938 lnsolita
697 2872 757 2940 sed
775 2889 858 2939 tunc
875 2872 1062 2940 ardescunt
1080 2871 1217 2940 lumina
1238 2871 1407 2948 llamma3

533 3040 637 3128 Isque
657 3039 714 3106 ubi
735 3040 929 3108 mirantum
947 3041 1157 3130 compressit
1174 3061 1360 3108 murmura
1380 3039 1522 3106 dextra:

532 3235 549 3274 c
567 3209 642 3298 Qui
662 3231 723 3276 vos
741 3209 774 3277 in
792 3209 926 3277 facinus
947 3209 1045 3277 furor
1063 3209 1285 3276 inconsultus
1303 3206 1432 3298 adegit„

531 3377 565 3448 O
582 3379 702 3446 cives?
723 3397 814 3447 certe
831 3379 992 3468 generosi
1011 3401 1076 3468 ego
1098 3377 1283 3468 sanguinis
1301 3376 1434 3444 insons.
1452 3399 1469 3440 »

530 3549 711 3618 Continuo
729 3549 859 3638 stipant
876 3548 1092 3615 circumfuso
1115 3546 1257 3637 agmine
1276 3563 1402 3622 vatent,

531 3720 574 3786 Et
594 3718 680 3808 quid
700 3717 805 3785 verba
824 3717 933 3786 velint
950 3717 1068 3785 studio
1086 3717 1259 3784 concorde
1277 3713 1474 3803 requirunt.

531 3889 669 3956 Rursus
687 3888 728 3954 ad
747 3888 812 3954 hos
830 3887 979 3955 Daniel:
1000 3885 1193 3953 ‹Vobisne
1212 3885 1257 3952 ita
1274 3882 1367 3950 lama
1387 3904 1528 3950 reorum

530 4057 680 4146 Vinaque
696 4074 778 4124 sunt
799 4056 897 4138 viles,
916 4074 1047 4123 temere
1069 4073 1106 4122 ut
1123 4052 1329 4123 discrimine
1347 4053 1446 4120 nullo

531 4227 753 4292 Damnentur
769 4225 919 4314 capitis?
937 4225 1074 4294 Causae
1092 4223 1215 4288 saltem
1235 4221 1335 4287 istius
1351 4236 1425 4287 esto

529 4393 587 4460 lle
606 4416 712 4483 penes
730 4392 941 4461 arbitrium:
963 4415 1043 4460 mox
1062 4389 1298 4460 indubitabile
1318 4409 1442 4456 verum

530 4563 573 4629 lit
590 4562 690 4630 vobis
708 4562 781 4631 erit.
804 4568 850 4630 At
867 4561 1036 4651 quoniam
1057 4560 1177 4628 minus
1195 4576 1275 4649 apta
1293 4555 1447 4625 serendis
