3970 5580
518 495 560 578 76
822 511 999 556 ΑΡΜΕΑΝΑ
1017 511 1187 556 SERl'lTUS
1205 509 1389 554 Aaouun'un

520 687 770 776 Nequicquam
788 707 889 753 saeva
908 685 1119 770 languentes
1137 702 1248 751 morte
1266 682 1489 772 propinquos

517 858 697 946 Tectaque
714 854 909 945 respiciunt
927 872 1000 922 atra
1018 871 1229 942 consumpta
1246 852 1365 920 favilla

519 1027 796 1113 Sternantesque
815 1024 945 1106 solum,
966 1045 1079 1111 nuper
1095 1044 1158 1089 sua
1176 1043 1295 1112 regna,
1315 1021 1448 1089 ruinas.

518 1192 676 1260 Vulnera
694 1214 757 1259 nec
778 1192 907 1259 mulier
924 1191 1016 1281 potis
1034 1209 1085 1258 est
1102 1191 1300 1281 abstergere
1321 1191 1418 1267 lletu,

520 1363 594 1428 Nec
612 1381 778 1449 suprema
797 1359 873 1427 viro
890 1360 994 1427 datur
1010 1361 1129 1426 oscula
1149 1361 1254 1450 ligere
1274 1377 1384 1448 rapto.

517 1528 771 1618 Obstupefacta
791 1529 894 1596 malis
913 1528 1065 1596 natalem
1087 1531 1236 1597 devovet
1257 1529 1394 1610 horum,

520 1697 746 1786 Dimittitque
764 1697 942 1779 animum,
962 1720 1025 1764 nec
1043 1697 1114 1765 iam
1136 1719 1235 1785 spem
1253 1696 1408 1786 concipit
1424 1697 1545 1764 ullam.

516 1867 628 1949 Turn,
647 1889 737 1955 quae
757 1867 829 1933 sola
848 1889 968 1956 super,
990 1867 1127 1955 prolem
1145 1865 1389 1955 complexibus
1407 1864 1519 1932 ambit

519 2037 685 2126 lgnaram
704 2057 824 2103 rerum
842 2052 1081 2124 consuetaque
1100 2035 1187 2102 colla
1206 2053 1398 2124 petentem,

519 2205 601 2272 Non
623 2203 705 2286 sibi,
725 2226 795 2271 non
814 2203 960 2272 thalami
980 2204 1076 2272 socio
1093 2204 1258 2286 fecunda,
1276 2204 1335 2271 sed
1358 2202 1462 2271 hosti.

520 2373 685 2441 Dintovet
706 2373 839 2440 interea
857 2373 1013 2440 cinerem
1034 2391 1066 2439 et
1087 2373 1210 2440 tellure
1230 2373 1362 2440 reclusa

519 2543 635 2610 Infido
653 2542 795 2632 penitus
812 2542 993 2610 delossum
1016 2559 1053 2610 ut
1071 2542 1195 2609 limine
1217 2561 1335 2632 raptor

518 2712 549 2773 V
552 2711 712 2800 estigavit
729 2711 817 2778 ebur
835 2711 1003 2792 nitidum,
1022 2713 1241 2800 exsultatque
1262 2711 1406 2790 tuendo,

519 2879 563 2946 Et
581 2880 700 2946 vacuis
717 2879 822 2947 tradit
840 2903 902 2947 sua
923 2879 1013 2946 lurta
1033 2879 1185 2969 gerenda
1205 2879 1343 2969 puellis.

564 3047 678 3115 Effera
697 3071 809 3138 quum
829 3047 969 3116 rediens
986 3052 1126 3115 Aurora
1144 3047 1326 3115 exhorruit
1343 3065 1430 3128 acta,

517 3219 699 3286 Admonet
717 3240 793 3285 ecce
812 3241 894 3284 suos
912 3235 1076 3307 quassata
1093 3219 1219 3285 ductor
1238 3217 1388 3300 habena,

520 3386 797 3476 Discessumque
816 3404 913 3476 parat
932 3413 938 3453 :
960 3387 1172 3476 propellitur
1191 3387 1334 3476 agmine
1352 3387 1459 3477 longo

520 3556 735 3622 Humanum
754 3577 873 3644 pecus,
898 3555 1103 3644 ignotisque
1120 3555 1316 3623 advertitur
1332 3554 1404 3623 oris

520 3727 671 3791 Exustos
692 3745 755 3813 per
772 3744 877 3809 agros
895 3723 1064 3811 adituque
1084 3723 1238 3791 carentia
1255 3747 1348 3806 saxa,

519 3893 614 3960 Duru
635 3893 780 3960 cumulo
797 3914 942 3977 gressus
960 3893 1092 3981 passim
1110 3891 1322 3961 cohibentur
1337 3916 1475 3962 arenae.

518 4061 632 4150 Saepe
651 4061 756 4128 etiam
775 4060 942 4128 arboreos
964 4078 1108 4128 nectunt
1126 4061 1313 4151 spatiantia
1332 4080 1474 4130 truncos

518 4229 719 4312 Sarmenta,
739 4247 772 4296 et
794 4229 899 4297 variis
919 4230 1121 4318 dependent
1142 4230 1303 4320 undique
1320 4231 1433 4312 sertis,

519 4397 832 4487 Praepediuntque
850 4398 958 4480 viam,
979 4399 1031 4465 vel
1049 4398 1322 4487 inexpugnabile
1340 4421 1484 4489 gramen

519 4565 675 4632 Luxuria
693 4565 850 4634 obsistit:
871 4567 1014 4656 regione
1034 4566 1115 4634 lxinc
1135 4568 1258 4634 cedere
1277 4586 1368 4635 tecta
