3970 5580
607 544 783 590 AFthANtt
801 545 972 591 SERl'lTUS
989 545 1175 591 ABOLENDA

304 715 405 786 Stare
421 739 564 808 gregem
584 718 671 786 latro
692 718 839 800 indicit3
861 736 938 786 tum
955 717 1064 786 fontis
1081 718 1124 786 ad
1142 718 1275 785 undam

304 886 465 976 lllergere
483 887 585 975 aquis
602 886 791 954 commissa
814 904 925 976 putat,
944 886 1168 977 genibusque
1187 887 1351 954 volutans

303 1055 422 1124 Caede
439 1073 638 1123 cruentatas
656 1055 835 1145 protendit
852 1057 895 1124 ad
916 1056 1055 1124 aethera
1075 1055 1225 1145 palmas,

303 1223 547 1313 lrnploratque
567 1226 683 1292 Deum
702 1224 818 1291 bonus
836 1241 873 1291 ut
891 1224 955 1292 rite
973 1247 1052 1292 orsa
1073 1224 1253 1308 secundet,

303 1392 609 1481 Praedulcemque
627 1392 739 1461 ferant
757 1411 917 1482 suscepta
937 1392 1076 1484 negotia
1094 1411 1275 1481 questum,

302 1562 377 1628 Nec
394 1584 458 1629 sua
477 1562 545 1630 iam
564 1561 704 1652 capiant
720 1579 933 1630 crescentem
953 1561 1082 1629 scrinia
1099 1583 1260 1644 censum,

299 1729 337 1800 Si
358 1731 465 1797 modo
487 1729 572 1820 legis
589 1721 714 1797 amans
732 1752 920 1820 nunquam
938 1728 1142 1818 spumantia
1162 1731 1242 1797 vina

301 1898 473 1966 Hauserit
492 1916 551 1966 aut
568 1921 674 1966 sanos
691 1899 871 1967 turbantia
890 1900 1015 1987 pocula
1034 1921 1171 1966 sensus,

345 2067 432 2134 Inde
449 2067 525 2134 viae
544 2085 582 2135 ut
602 2069 743 2136 tandem
763 2086 895 2135 metam
912 2066 1056 2158 tetigere
1073 2067 1254 2148 molestae,

296 2235 474 2304 Truditur
492 2235 527 2304 in
549 2235 688 2304 foedam
709 2237 842 2306 venalis
860 2243 962 2305 turba
980 2253 1161 2318 catastam,

297 2410 402 2473 Arcta
422 2406 498 2473 loco
514 2407 604 2474 tristi
622 2423 654 2473 et
673 2424 840 2474 venturae
863 2405 979 2473 nescia
1000 2404 1128 2484 sortis,

297 2574 448 2664 Quique
468 2598 563 2642 seras
580 2592 687 2665 aptatq
708 2576 831 2664 pulsus
849 2574 980 2642 foetore
1003 2572 1145 2642 recedit.

298 2744 442 2813 Diditur
466 2745 643 2834 extemplo
660 2762 767 2812 totam
791 2765 880 2830 vaga
901 2743 993 2811 lama
1013 2765 1074 2833 per
1092 2743 1218 2810 urbem

297 2911 472 2983 Servilem
490 2915 698 2981 adventasse
714 2935 869 3004 gregem,
890 2930 1046 3001 prostare
1069 2911 1206 3001 puellas

298 3083 403 3149 Nunc
420 3082 564 3166 iterum,
582 3083 745 3174 gravidas
762 3100 893 3150 matres
910 3081 1073 3169 fetusque
1091 3080 1260 3149 minutos.

295 3255 546 3341 Approperant
563 3231 670 3334 cives,
689 3251 900 3339 stabuloque
919 3251 953 3318 in
974 3267 1093 3340 aperta
1113 3249 1250 3317 recluso

294 3419 407 3509 Capta
424 3441 555 3487 manus
573 3419 691 3509 prodit
706 3445 715 3503 ς
733 3442 803 3487 non
823 3420 896 3486 ullo
912 3419 1070 3487 excultus
1087 3418 1131 3486 ab
1154 3440 1219 3485 usu

293 3588 527 3655 Vociveratur
543 3588 671 3670 Arabs,
693 3610 908 3676 excussaque
929 3586 1072 3655 brachia
1091 3586 1205 3668 iactat,

294 3757 570 3845 Contrectatque
588 3779 695 3825 manu
715 3779 860 3840 merces,
879 3757 1068 3845 culpatque
1087 3753 1287 3845 premitque
1304 3778 1313 3836 ς

293 3923 396 4012 Quas
415 3924 535 3992 nimiis
552 3944 672 3993 contra
690 3925 776 3993 dum
795 3925 961 3993 laudibus
979 3924 1119 3992 institor
1136 3924 1246 4008 effert,

291 4093 409 4160 Verba
427 4093 549 4161 volant
566 4116 731 4162 sermone
752 4095 845 4162 ultro
862 4094 1021 4183 citroque
1039 4110 1163 4161 rotato.

291 4261 470 4330 Convenit
485 4284 562 4330 ecce
581 4262 666 4331 viris
683 4263 842 4347 tandem,
862 4263 1046 4352 pretioque
1064 4262 1180 4330 soluto

292 4429 407 4497 lllulta
426 4431 610 4500 reluctanti
627 4433 835 4521 maioraque
856 4431 991 4500 viribus
1009 4453 1113 4498 ausae

293 4599 445 4667 Deditur
461 4617 605 4668 externo
623 4602 740 4691 proles
756 4601 900 4690 abrepta
918 4600 1069 4690 parenti,
