3970 5580
517 537 560 600 do
1029 551 1189 598 susxuux

518 726 738 816 Contiguum
756 744 790 794 at
807 725 964 816 spatium
985 725 1144 814 pomaria
1162 725 1250 793 laeta
1267 725 1434 792 tenebant

520 896 839 985 Umbrilerumque
858 917 997 964 nemus.
1020 896 1136 965 Gazae
1158 895 1341 985 praedives
1358 895 1469 962 avitae

520 1065 618 1132 blille
639 1088 745 1154 super
761 1064 931 1133 dominus
952 1064 1103 1153 spatiosa
1124 1064 1159 1131 in
1182 1085 1311 1152 pascua
1329 1063 1436 1130 mittit

518 1241 702 1316 Armenta,
722 1252 754 1301 et
772 1233 905 1324 subigit
921 1252 1071 1301 centeno
1089 1253 1230 1300 vomere
1248 1248 1390 1299 terram.

518 1403 588 1474 Sed
607 1404 729 1470 minus
748 1404 804 1470 ille
822 1402 952 1491 opibus
970 1401 1080 1470 fertur
1097 1424 1204 1490 quam
1224 1401 1373 1491 coniuge
1392 1401 1472 1467 felix

519 1571 699 1662 Egregia3
728 1572 893 1638 thalamis
912 1571 1086 1639 nimirum
1104 1571 1297 1659 animoque
1316 1588 1452 1658 recepta
1473 1587 1524 1635 est

519 1739 659 1830 Ingenti
678 1740 779 1807 turba
799 1739 963 1810 Susanna
984 1739 1090 1828 petita
1113 1761 1317 1828 procorum,

519 1909 684 1981 Susanna
706 1906 898 1988 Heleiadis,
917 1906 972 1973 cui
992 1928 1061 1973 nou
1083 1905 1268 1973 certaverit
1287 1906 1357 1972 ulla

521 2079 640 2146 Laude
657 2099 769 2144 nurus
788 2075 935 2157 formae,
953 2093 1038 2164 quot
1059 2074 1124 2142 fert
1146 2074 1363 2164 Babylonius
1380 2073 1477 2140 orbis
1494 2099 1504 2154 ς

519 2245 676 2336 Virginei
697 2267 759 2312 nec
778 2246 911 2312 damna
929 2243 1009 2311 ideo
1026 2243 1105 2310 tulit
1124 2243 1181 2310 illa
1202 2243 1351 2322 decoris,

519 2414 629 2502 Quod
653 2431 774 2503 partus
795 2413 895 2478 enixa
917 2429 1041 2500 quater
1061 2429 1184 2499 quater
1202 2412 1309 2478 ubere
1329 2412 1465 2500 prolem

521 2581 661 2650 Eduxit.
712 2583 821 2648 Iudae
838 2603 1011 2670 generoso
1028 2603 1045 2647 e
1064 2581 1200 2648 semine
1217 2599 1330 2649 cretae

521 2751 627 2818 Haud
650 2750 806 2839 probitas
826 2750 911 2817 citra
928 2773 1041 2840 genus
1058 2766 1131 2817 est:
1153 2751 1314 2839 natisque
1333 2750 1479 2841 viroque

521 2919 660 3007 Expetit
680 2919 867 2986 obscuram
887 2919 971 2985 solis
989 2920 1195 3007 impendere
1214 2919 1335 3000 vitam,

518 3093 635 3176 Atque
653 3109 802 3176 operum
822 3088 905 3154 satis
922 3089 1041 3177 ampla
1060 3105 1158 3176 putat
1176 3110 1212 3155 se
1232 3089 1388 3177 praemia
1408 3109 1558 3169 nactum,

521 3257 685 3345 Ipsorum
707 3258 803 3344 quod
821 3278 921 3324 amor
939 3279 1025 3324 suus
1042 3257 1292 3346 aequiparetur
1309 3280 1440 3326 amore.

567 3425 685 3492 Paene
703 3424 767 3492 fuit
785 3424 890 3492 facies
908 3425 1037 3508 fraudi,
1057 3448 1138 3492 nam
1158 3425 1281 3494 limine
1299 3449 1440 3516 gressus

520 3594 614 3660 Dum
633 3611 806 3660 tectorum
824 3593 935 3676 effert,
955 3594 1156 3683 viridesque
1175 3595 1398 3685 perambulat
1419 3597 1553 3678 hortos,

522 3764 624 3828 Hanc
645 3761 763 3829 videre
784 3762 890 3830 simul
912 3763 1059 3852 gemini,
1082 3762 1189 3830 simul
1209 3763 1288 3852 igne
1310 3763 1462 3831 nefando

522 3931 691 3998 Exarsere
709 3953 824 4014 senes,
844 3931 942 3998 illum
961 3931 1061 4019 queis
1080 3953 1210 3998 munus
1229 3931 1263 3999 in
1286 3954 1420 4000 annum

519 4097 705 4188 Obtigerat
723 4098 808 4188 legis
826 4120 964 4166 servare
982 4099 1144 4166 examina
1162 4118 1312 4167 sanctae.

519 4266 630 4348 Alter,
649 4267 786 4349 Achab,
806 4267 892 4334 alter
913 4267 1077 4337 Sedecias
1099 4269 1243 4336 nomine
1264 4270 1390 4345 dictus„

521 4433 706 4522 lmpietate
727 4456 841 4522 pares,
865 4435 1040 4523 perversis
1061 4435 1222 4503 moribus
1239 4437 1345 4504 ambo

520 4608 707 4669 Austeram
731 4601 823 4668 vitiis
845 4603 999 4670 didicere
1017 4604 1210 4672 obtendere
1228 4605 1392 4674 frontem.
