3972 5654
616 548 732 594 TOBlAE
757 549 913 594 lUNlORlS
938 550 1197 596 PEREGRlNATlO
1431 535 1492 618 257

364 722 524 812 Impetus
543 740 582 790 ut
599 721 704 812 primi
724 723 872 812 paulum
890 723 1048 791 consedit
1066 722 1212 802 amoris,

407 891 610 961 Concordes
627 912 769 982 gressus
787 891 822 959 in
841 893 1019 981 penetrale
1037 890 1166 961 lerunt.

363 1059 433 1128 Hic
450 1059 602 1150 genibus
619 1082 789 1150 superum
808 1061 963 1151 prolapsi
986 1083 1120 1130 numen
1142 1064 1304 1145 adorant,

407 1229 518 1317 quue
536 1229 603 1297 sibi
621 1228 749 1313 faveat,
769 1228 854 1298 favit
873 1248 910 1297 ut
926 1249 1019 1314 ante,
1039 1248 1176 1322 rogant.

362 1397 500 1467 Deinde
521 1397 600 1466 linit
618 1399 757 1467 iuvenis
777 1399 927 1490 genitori
946 1399 1083 1468 lumina
1100 1399 1194 1480 felle„

405 1567 537 1635 Victori
557 1585 757 1636 monstrum
778 1569 873 1658 quod
895 1568 1036 1638 fluviale
1054 1569 1160 1638 dedit.

363 1737 417 1804 llli
436 1738 587 1806 obducta
605 1739 698 1806 diem
721 1740 830 1807 modo
847 1761 938 1828 quae
956 1739 1163 1807 membrana
1184 1740 1347 1830 negabat,

405 1906 578 1990 Solvitur,
595 1925 628 1975 et
646 1907 768 1975 leviter
785 1906 969 1976 sollicitata
985 1908 1101 1990 cadit;

362 2076 510 2166 lamque
528 2099 632 2144 senex
650 2076 736 2144 coeli
756 2077 871 2144 lucent
889 2077 1040 2145 miratur
1056 2099 1261 2158 amoenam,

405 2244 589 2334 Quodque
606 2245 734 2336 magis,
754 2245 825 2313 nati
843 2245 1015 2336 conspicit
1033 2268 1094 2314 ora
1112 2246 1179 2313 sui.

362 2414 472 2482 Plena
494 2414 592 2504 ptius
610 2415 720 2496 luctu,
738 2455 781 2464 -
799 2437 916 2483 rerunt
935 2414 984 2483 sic
1005 2415 1151 2483 vertitur
1167 2416 1268 2496 ordo,
1287 2456 1329 2465 -

406 2583 574 2652 Laetitiae
591 2583 736 2652 cumulo
754 2601 840 2652 tecta
859 2602 1002 2675 repente
1020 2603 1159 2652 sonant.

361 2753 527 2823 Crescere
545 2753 572 2820 si
592 2753 742 2842 possint,
761 2772 916 2821 crescant
933 2769 977 2821 ea
989 2753 1132 2844 gaudia,
1151 2754 1258 2825 Sarae

404 2921 596 2992 Connubia
613 2941 646 2990 et
667 2939 785 3012 partae
807 2945 921 3012 quum
938 2942 1181 2992 memorantur
1201 2946 1299 3014 opes.

362 3092 457 3159 Dum
474 3109 592 3158 tamen
611 3107 739 3158 eventu
758 3089 838 3158 felix
856 3109 889 3158 et
906 3091 1004 3180 prole
1037 3109 1175 3181 recepta

405 3257 492 3326 Plus
512 3259 653 3326 modico
673 3258 821 3326 exsultat
842 3275 964 3340 mater,
983 3275 1134 3347 ovatque
1155 3258 1286 3347 palam,

361 3427 443 3497 Non
464 3426 585 3495 minus
604 3449 750 3495 uxorem
768 3426 869 3494 tacite
887 3447 988 3494 mens
1005 3427 1144 3494 conscia
1162 3427 1302 3495 mordet

406 3595 599 3687 Indignum
618 3597 720 3663 toties
737 3595 929 3686 exagitasse
949 3595 1075 3664 virum.

362 3766 470 3833 Hunc
488 3765 626 3855 probat,
642 3764 725 3832 huic
742 3764 882 3833 blandis
900 3766 1031 3833 mulcet
1048 3787 1144 3832 nunc
1158 3764 1304 3833 vocibus
1317 3787 1442 3834 autes:

406 3934 462 4002 Fit
482 3933 667 4016 Salomon,
687 3956 808 4002 vecors
828 3935 889 4024 qui
909 3935 1015 4002 modo
1032 3934 1146 4002 dictus
1164 3952 1249 4002 erat.

359 4102 514 4170 Tobiam
536 4102 618 4170 inde
637 4103 734 4171 brevi
752 4103 964 4192 locupletem
982 4125 1023 4170 ert
1041 4124 1195 4193 paupere
1213 4101 1346 4171 factum

405 4273 494 4339 Dote
515 4293 628 4340 nurus
643 4271 761 4361 ampla
778 4272 918 4362 garrula
939 4270 1033 4338 sama
1050 4271 1156 4339 canit.

361 4439 461 4508 Illius
478 4440 648 4509 obsidunt
666 4457 842 4531 gratantes
859 4440 966 4507 limen
987 4439 1105 4522 amici,

404 4607 514 4696 Quod
537 4609 657 4677 nullus
675 4609 744 4676 iarn
766 4631 838 4677 non
857 4629 987 4677 nomen
1007 4608 1136 4677 habere
1156 4608 1249 4676 velit.

1336 4713 1367 4762 Ι7
